2470 3962
177 191 238 254 274
499 201 867 262 perseuerauerunt

178 359 348 438 exquisitius
367 359 472 419 dictum
487 355 592 418 accidit
609 354 749 415 auribus
740 357 953 434 imperitorum,
973 355 1180 435 qualecunque

177 441 216 518 id,
234 440 414 521 quodmodo
431 441 533 520 seipsi
549 455 639 520 posse
656 439 823 517 desperent,
840 437 929 499 babet
944 439 1179 506 admirationem

176 543 270 604 neque
292 527 448 594 immerito;
473 542 537 585 nam
557 541 593 584 ne
615 520 684 583 illud
710 521 823 600 quidem
841 523 929 582 facile
944 532 999 581 est
1038 523 1099 582 Sed
1114 539 1178 583 eva·

176 617 298 668 noscunt
322 609 396 670 baec
417 618 503 687 atque
525 608 702 667 emoriuntur
722 607 938 686 comparatione
955 605 1128 680 meliorum,
1150 613 1181 665 ut

176 695 251 754 louu
271 695 367 755 tincta
388 693 460 771 fuco
480 693 559 754 citro
577 706 740 769 purpuras
764 692 886 768 plaustr
909 699 943 751 ut
964 693 991 750 si
1014 690 1182 750 contuleris

180 774 291 856 Tyrius
310 778 472 851 lacernae,
495 782 657 854 conspectu
672 773 804 835 melioris
822 775 988 873 obruetur,
1012 781 1044 832 ut
1061 771 1180 832 Ovidius

134 861 224 920 ibuit.
260 860 291 919 Si
306 875 379 919 vero
396 859 530 919 iudicium
545 857 589 917 hls
611 857 755 933 corruptis
778 859 872 916 acrius
893 855 1034 916 adhibens
1056 865 1091 915 ut
1112 857 1180 916 luci·

178 945 221 1002 nis
238 942 363 1005 sulfure:
381 945 436 1003 iam
451 942 547 1018 illum,
565 957 622 1020 quo
639 939 823 1016 fefellerant,
841 949 948 1000 exuant
963 940 1118 999 mentitum
1134 956 1180 1000 oo·

177 1027 271 1087 lorem
287 1036 316 1086 et
333 1026 457 1104 quadam
470 1027 519 1084 vix
541 1023 695 1084 enarrabili
712 1024 850 1084 foeditate
867 1023 1041 1102 pallescant.
1072 1023 1181 1083 Lucem

177 1111 265 1187 igitur
282 1108 356 1170 haec
372 1112 443 1169 citra
461 1109 566 1184 solem,
585 1116 616 1167 ut
634 1106 775 1185 quaedem
792 1107 896 1185 exigua
912 1106 1045 1167 animalia
1062 1105 1180 1184 igniculi

177 1194 334 1253 videntur
325 1211 354 1252 rn
374 1191 511 1252 tenebris.
544 1191 677 1270 Denique
692 1191 766 1250 mala
783 1192 862 1251 multi
877 1189 1012 1270 probent,
1030 1207 1119 1250 nemo
1134 1191 1180 1250 im·

178 1276 383 1356 probatbona.

136 1356 170 1413 77
263 1359 366 1438 Neque
381 1377 454 1420 vero
470 1347 563 1420 omnia
580 1361 650 1434 ista,
667 1358 703 1418 de
720 1355 823 1436 quibus
842 1357 932 1416 locuti
948 1375 1065 1432 sumus,
1084 1365 1182 1416 orator

179 1447 286 1532 optime
305 1453 413 1503 tantum
431 1443 484 1504 sed
505 1445 590 1503 etiam
614 1442 751 1502 facillime
775 1441 871 1500 laciet.
905 1439 1010 1519 Neque
1030 1441 1109 1499 enim
1128 1442 1180 1498 vim

178 1545 313 1586 summam
330 1525 444 1586 dicendi
460 1536 489 1585 et
505 1526 692 1587 admiratione
707 1525 821 1602 diguam
836 1524 937 1584 infelix
951 1542 1047 1602 usque
1066 1523 1105 1583 ad
1120 1523 1179 1582 ulti·

177 1627 251 1668 mum
267 1607 433 1668 sollicitudo
449 1609 636 1688 persequitur
654 1627 709 1669 nec
730 1617 875 1668 oratorem
891 1616 1020 1668 macerat
1037 1615 1066 1666 et
1084 1608 1180 1685 coquit

177 1711 268 1770 aegre
290 1686 381 1752 verba
404 1701 565 1753 vertentem
589 1702 619 1752 et
643 1691 858 1771 perpendendis
885 1690 1180 1788 coagmentandisque

135 1774 221 1838 tfleis
242 1774 482 1836 intabescentem
521 1775 632 1836 Nitidus
656 1775 706 1835 ille
725 1783 754 1835 et
771 1773 900 1834 sublimis
921 1783 950 1834 et
971 1774 1111 1853 locuples
1128 1775 1178 1833 cir·

179 1859 398 1920 cumduentibus
420 1860 546 1938 undique
568 1859 753 1938 eloquentiae
779 1859 871 1936 copiis
894 1859 1025 1937 imperat.
1068 1857 1179 1918 Desinit

179 1945 252 2003 enim
278 1945 306 2001 in
329 1943 452 2003 adversa
475 1945 541 2019 niti,
569 1943 617 2020 qui
641 1943 773 2020 pervenit
793 1943 822 2000 in
842 1959 989 2001 summum.
1024 1941 1178 2002 Soandenti

179 2029 256 2086 circa
272 2027 326 2086 ima
348 2024 431 2086 labor
448 2035 503 2094 est:
531 2035 660 2088 ceterum
684 2035 819 2104 quantum
839 2025 1040 2104 processeris,
1065 2023 1178 2084 mollior

135 2108 170 2163 79
179 2109 271 2170 clivus
288 2127 321 2169 ac
338 2110 442 2169 laetius
459 2107 752 2170 solum.Ets1baeo
767 2125 884 2187 quoque
898 2109 953 2169 iam
968 2108 1064 2170 lenius
1079 2110 1177 2186 supina

179 2191 435 2272 perseverantibus
454 2194 555 2254 studiis
574 2193 719 2254 evaseris:
736 2194 803 2253 inde
818 2194 929 2274 fructus
944 2191 1094 2252 illaborati
1111 2191 1175 2250 ode·

179 2286 243 2336 runt
264 2294 331 2336 sese
356 2285 384 2336 et
406 2277 500 2336 omnia
522 2285 626 2356 sponte
650 2278 835 2355 proveniunt;
858 2293 933 2358 quse
956 2283 1053 2336 tamen
1073 2274 1176 2334 cotidie

178 2361 232 2418 nist
226 2360 457 2437 '‚decerpantur
474 2369 619 2420 arescunt.
651 2358 710 2420 Sed
726 2369 755 2419 et
771 2362 856 2438 copia
871 2358 959 2420 hebet
973 2358 1102 2434 modum,
1119 2359 1176 2416 sine

180 2459 236 2520 quo
253 2443 321 2502 nihil
337 2459 392 2501 neo
409 2442 553 2502 laudabile
569 2462 624 2503 neo
641 2443 767 2504 salutare
785 2452 845 2519 est,
868 2452 898 2503 et
918 2444 994 2502 nitor
1009 2441 1060 2501 ille
1074 2441 1176 2502 cultum

135 2525 290 2585 80virilem
313 2534 342 2584 et
357 2526 483 2585 inventio
505 2525 647 2588 iudicium.
681 2527 731 2588 Sic
754 2536 838 2586 erunt
859 2544 979 2604 magna,
1003 2541 1062 2584 non
1078 2526 1176 2590 nimia;
1223 2583 1224 2588 ,

178 2609 325 2685 sublimia,
344 2626 404 2669 -non
428 2610 563 2689 abrupta:
586 2612 690 2686 fortia,
713 2627 770 2670 non
791 2611 960 2682 temeraria3
980 2626 1102 2683 severe,
1124 2624 1176 2666 non

177 2694 285 2760 tristia:
302 2694 413 2771 gravia,
430 2711 487 2754 non
500 2695 595 2760 tantu
612 2693 699 2770 laeta,
716 2710 773 2753 non
789 2694 951 2760 luxuriosa:
967 2692 1108 2766 iucundo,
1124 2707 1177 2751 non

178 2774 335 2844 dissoluta;
358 2778 494 2853 grandia,
516 2796 573 2837 non
596 2775 710 2836 tumida.
746 2777 852 2838 Similis
874 2779 902 2835 in
919 2777 1027 2837 ceteris
1043 2777 1117 2835 ratio
1135 2783 1177 2832 est

178 2876 214 2918 sc
229 2861 368 2919 tutissime
387 2860 450 2920 lere
466 2879 521 2940 per
535 2860 659 2922 medium
673 2862 735 2937 via,
751 2861 816 2939 quia
831 2861 980 2939 utriusque
996 2859 1122 2918 ultimum
1136 2859 1176 2916 ri·

176 2943 246 3001 tium
262 2952 315 3003 est.

585 3096 769 3148 CONGLUSIO.

262 3191 313 3251 xl.
331 3191 382 3251 His
400 3191 514 3251 dicendi
529 3193 680 3253 virtutibus
701 3211 770 3252 usus
792 3201 891 3253 orator
907 3193 936 3251 in
956 3191 1084 3266 ludiciis‚
1110 3211 1176 3253 con·

178 3275 262 3350 siliis,
280 3274 476 3350 contionibus,
494 3285 611 3353 senatu,
622 3278 655 3335 'in
674 3278 749 3346 omni
764 3277 889 3355 denique
905 3275 1003 3336 officio
1019 3274 1088 3335 boni
1106 3278 1174 3336 civis

178 3359 264 3418 linem
287 3375 403 3438 quoquc
424 3358 539 3436 dignum
564 3369 593 3419 et
615 3362 723 3439 optimo
746 3361 808 3420 viro
821 3367 862 3420 -et
883 3377 973 3437 opere
995 3360 1173 3418 sanctissimo

177 3441 282 3510 faciem
305 3459 361 3502 non
378 3443 442 3523 quia
458 3443 601 3520 prodesse
616 3460 739 3521 unquam
760 3445 830 3504 satis
852 3443 890 3503 sit
911 3451 939 3502 et
956 3443 1007 3502 illa
1022 3451 1117 3502 mente
1134 3451 1171 3504 tt·
