2436 3956
326 212 416 261 ruer.
441 213 681 304 prodromum.
705 215 764 281 vrr,
791 211 817 264 4.
1018 203 1059 266 29

68 363 112 426 iret
129 364 223 431 looum
238 366 417 444 deprecatio.
455 367 487 428 In
502 385 558 446 qua
572 367 836 446 plurimum'ralent
852 387 890 429 ex
905 370 986 448 ipso,
1011 371 1060 450 qui

68 467 128 508 reus
145 457 206 525 est,
229 448 303 510 haee
323 451 376 510 tria
392 453 421 510 in
436 452 494 511 vita
510 451 707 529 praeoedere,
727 453 752 510 si
767 453 922 528 innotans,
945 453 1060 514 sibene

66 533 196 608 meritus,
212 533 237 592 si
253 551 322 611 apes
338 534 366 592 in
381 535 686 595 iuturuminnoeeuter
697 536 801 595 vieturi
817 545 846 595 et
858 537 887 596 iu
898 535 994 614 aliquo
1006 556 1059 597 usu

64 615 159 685 iuturi;
181 625 351 694 praeterea,
369 619 393 677 si
408 617 457 677 rei
475 617 540 679 aliis
554 618 742 678 incommodis
757 618 807 678 vei
820 621 967 696 praesenti
982 622 1058 699 peri·

62 699 127 759 oulo
141 699 189 759 vel
211 700 387 778 poenitentia
406 701 537 761 rideatur
557 702 627 761 satia
643 718 801 779 poenarum
817 703 946 771 dedisse;
971 700 1059 764 'extra

64 781 212 857 nobilitas,
227 784 367 860 dignitas,
387 785 558 863 propinqui,
575 784 667 844 amini.
712 783 745 844 Iu
760 801 796 844 eo
812 794 923 861 tamen,
942 787 990 864 qui
1007 799 1100 854 tro-19

63 867 188 942 promit,
201 866 353 945 plurimum
367 867 546 946 ponendum,
559 869 584 926 ai
599 867 661 928 laus
678 885 742 929 eum
753 869 950 930 miserirordis
962 872 1058 948 potius

64 966 142 1026 quam
164 949 354 1028 reprehensio
378 951 513 1012 dissoluti
538 961 730 1013 oonoeoutura
752 961 806 1012 est.
851 952 960 1013 Verum
982 955 1058 1013 etin

63 1031 168 1093 indioiis
184 1034 368 1095 etiamsinon
383 1043 444 1095 toto
457 1051 567 1112 genere
579 1051 685 1096 eausae
700 1044 795 1094 tamen
807 1053 844 1096 ex
855 1044 939 1115 parte
954 1055 1057 1114 magna

62 1113 106 1174 hio
119 1115 200 1177 loeus
218 1134 308 1196 saepe
324 1127 473 1178 tractatur.
512 1117 584 1178 Nam
600 1127 629 1178 et
644 1119 747 1179 divisio
762 1119 900 1197 frequens
922 1130 985 1194 est,
1015 1130 1056 1181 et·

62 1197 138 1260 iamsi
158 1199 297 1276 iecisset,
320 1202 527 1280 ignoscendum
548 1202 655 1270 inisse;
685 1202 772 1280 idque
795 1205 824 1260 in
846 1203 941 1262 oensis
963 1202 1056 1263 dubiis

62 1299 146 1360 saepe
168 1283 344 1362 praevaluit;
369 1293 399 1344 et
418 1285 529 1364 epilogi
551 1301 650 1345 omnes
676 1287 705 1344 in
731 1285 832 1345 eadem
853 1287 1057 1348 ieremateria

11 1433 13 1438 ¹
63 1367 166 1426 versari
181 1368 288 1428 soient.
333 1369 392 1429 Sed
407 1385 608 1448 nonnunquam
626 1370 711 1428 etiam
723 1371 766 1429 rei
780 1369 868 1428 totius
886 1368 933 1429 hio
949 1387 1056 1430 summa
1065 1381 1099 1436 20

63 1451 217 1510 eonstituta.
258 1449 318 1509 lam
335 1469 409 1511 vero
425 1453 450 1512 si
466 1451 672 1527 exheredatum
687 1470 703 1513 a
719 1470 751 1511 se
767 1451 854 1512 tilium
869 1462 953 1531 peter
968 1462 1055 1513 testa·

61 1538 103 1593 tuo
117 1531 200 1596 inerit
216 1533 334 1614 elogio,
352 1543 521 1616 prepterea
538 1537 620 1614 qood
636 1538 665 1596 ie
682 1538 874 1598 meretricem
890 1540 1058 1601 amoverit:

11 1647 13 1650 ·
63 1633 114 1678 nou
132 1622 221 1686 omnis
238 1620 285 1679 hio
308 1622 362 1681 erit
380 1621 528 1698 quaestio,
557 1637 592 1678 an
611 1619 677 1678 inuio
697 1619 805 1680 delicto
824 1629 908 1698 pater
924 1619 1056 1680 debuerit

64 1700 207 1776 iqnoeoere
224 1711 255 1762 et
267 1700 441 1764 centumviri
456 1702 583 1762 tribuere
596 1701 720 1762 debeant
731 1700 864 1763 veniam?
896 1703 955 1763 Sed
970 1705 1056 1764 etiam

65 1783 90 1842 in
103 1785 245 1862 formulis,
271 1804 335 1845 oum
356 1785 513 1866 poenariae
528 1793 592 1844 sunt
607 1787 753 1860 notiones,
776 1787 815 1846 ita
834 1803 950 1846 oausam
968 1787 1054 1864 parti·

63 1883 132 1944 mur,
156 1887 190 1931 ao
209 1871 363 1930 commissa
382 1871 419 1930 sit
441 1885 552 1948 poena,
574 1885 609 1928 an
633 1869 710 1944 exigi
733 1868 847 1928 debeat.
892 1868 924 1929 ld
950 1878 1054 1945 autem,

63 1952 133 2028 quod
155 1953 197 2014 iili
218 1953 368 2028 viderunt,
387 1971 487 2012 verum
509 1960 572 2028 est,
593 1968 673 2011 reum
694 1951 868 2011 aiudioihus
883 1951 940 2011 hoe
957 1951 1055 2012 deien-

11 2043 12 2070 ³
63 2034 246 2097 rionismodo
262 2036 380 2095 liberari
396 2052 568 2114 nonposse.
853 2052 855 2058 ’

11 2129 13 2198 ξ
136 2119 181 2179 De
192 2120 366 2199 praemiis
382 2128 477 2179 autem
489 2127 663 2196 quaeruntur
674 2118 747 2179 duo:
763 2117 809 2176 An
819 2116 880 2178 ullo
893 2119 930 2176 sit
942 2119 1054 2194 dignus,
1064 2128 1094 2179 21

11 2259 12 2262 ,
63 2201 105 2276 qui
120 2205 204 2280 petit,
234 2221 271 2262 an
288 2211 381 2269 tauto;
406 2220 444 2262 err
462 2200 591 2276 duobus,
617 2201 689 2261 Uter
709 2201 836 2278 dignion
860 2201 1054 2278 expluribus,

62 2281 128 2355 Quis
148 2286 341 2364 dignissimus.
378 2285 507 2359 Quorum
525 2293 664 2345 tractatus
680 2302 717 2344 ex
739 2286 804 2362 ipso
819 2284 984 2346 meritorum
1004 2301 1055 2359 ge·

62 2382 125 2427 nere
146 2369 296 2430 dnountur.
341 2366 378 2428 lit
402 2368 574 2429 intuebimur
593 2385 651 2428 uon
670 2385 731 2427 rem
752 2376 875 2442 tanturn,
900 2369 962 2431 siue
984 2367 1055 2426 alle·

63 2451 148 2524 ganda
169 2455 231 2512 aire
249 2452 440 2532 comparanda
462 2455 531 2529 erit,
555 2453 607 2512 sed
622 2469 776 2530 personam
792 2447 924 2530 qnoque;
948 2469 1012 2510 nam
1027 2458 1056 2510 et

62 2533 170 2596 multum
184 2538 322 2612 interest,
338 2544 487 2611 tyrannum
501 2536 611 2595 iuvenis
629 2535 771 2598 ooniderit
786 2551 821 2594 an
833 2552 941 2608 senex,
959 2535 1004 2593 vir
1021 2551 1055 2592 au

63 2614 175 2694 femina,
196 2619 308 2680 alienus
331 2638 367 2680 an
395 2621 578 2686 coniunctus:
610 2629 638 2678 et
664 2619 760 2678 lorum
783 2617 996 2696 multiplieiter,
1028 2618 1098 2682 irruo

11 2703 14 2744 ἰ
63 2699 171 2762 oiritate
186 2705 314 2779 tyrannis
331 2713 448 2764 assueta
469 2721 504 2763 aa
524 2702 616 2762 libera
633 2719 765 2778 semper;
787 2703 816 2760 iu
830 2719 899 2761 aree
913 2719 948 2760 aa
964 2699 1054 2766 domi;

63 2791 89 2841 et
108 2789 253 2862 monsedo
269 2787 375 2847 iactum
394 2789 446 2862 sit,
470 2787 550 2846 ferro
570 2803 606 2846 an
627 2802 755 2852 veneno;
783 2792 812 2844 et
832 2801 889 2861 quo
912 2793 1055 2861 ternpore,

11 2875 12 2886 ¹
62 2863 136 2926 irelio
146 2887 183 2929 nn
193 2887 281 2948 paoe;
300 2887 364 2930 eum
379 2871 563 2950 depositurus
580 2878 660 2928 esset
675 2886 738 2929 eam
753 2875 927 2947 potestatem
941 2884 978 2927 an
993 2884 1056 2926 oum

11 3021 12 3026 γ
62 2948 163 3028 aliquid
179 2955 248 3012 nori
262 2953 384 3013 seeleris
400 2971 531 3014 ausurus.
575 2951 688 3012 Habent
702 2953 731 3011 in
744 2951 853 3011 meritis
868 2951 989 3028 gratiam
1004 2967 1055 3028 pe·

63 3032 174 3095 rioulum
199 3053 316 3115 quoque
346 3046 374 3096 et
400 3036 564 3097 diitioaitas.
606 3034 742 3096 Similiter
769 3033 927 3094 liberalitas
959 3041 1097 3111 aquott

64 3117 188 3192 proiecta
203 3121 256 3194 eit,
272 3121 372 3181 refert.
417 3120 490 3180 Nam
505 3121 533 3178 in
548 3136 677 3198 paupere
688 3119 798 3196 gratior
813 3136 896 3195 quam
912 3119 940 3176 in
956 3117 1054 3190 divite,

65 3197 141 3260 dante
158 3201 332 3264 beneficium
345 3221 430 3283 quam
444 3202 600 3278 reddente,
622 3211 705 3281 patre
721 3219 805 3281 quam
820 3201 903 3260 orbo.
941 3199 1012 3259 Item
1027 3200 1055 3258 in

64 3297 141 3357 quam
155 3303 216 3346 rem
232 3285 343 3347 dederit
359 3296 389 3347 et
404 3304 461 3365 quo
476 3296 608 3364 tempore
625 3295 654 3346 et
669 3302 727 3364 quo
744 3287 853 3360 animo,
869 3283 898 3343 id
914 3293 974 3358 est,
991 3299 1056 3342 uum

65 3361 89 3422 iu
101 3366 222 3446 aliquam
239 3387 321 3448 spem
336 3389 430 3440 suam;
459 3370 589 3442 similiter
604 3369 670 3429 alia.
714 3367 752 3428 Et
771 3368 838 3428 ideo
856 3366 977 3445 qualitas
996 3380 1055 3424 ma·

65 3447 133 3509 xime
145 3454 269 3514 oratoris
280 3455 384 3534 reeipit
395 3470 530 3532 operam,
550 3453 616 3531 quia
630 3454 660 3512 iu
674 3461 823 3529 utramque
844 3458 953 3528 partem
966 3447 1055 3527 pluri·
