2470 3962
200 184 261 248 270
516 196 552 242 u.
567 194 645 242 rau.
664 194 882 253 ounurratnur

198 369 277 427 mus,
301 350 379 429 quod
399 348 548 410 veteribus
564 351 780 428 praecipueque
797 348 917 412 Graecis
938 351 967 408 iu
988 369 1043 410 usu
1067 367 1128 410 nou
1145 351 1204 420 luit,

201 432 293 513 (apud
313 432 486 494 Ciceronem
509 434 582 491 euim
604 433 735 512 invenio)
763 435 827 494 dum
848 451 909 494 rem
926 436 1095 496 contineant
1112 441 1141 492 et
1159 450 1203 492 co·

201 520 247 595 pia
264 535 320 577 nou
336 517 496 577 redundent
513 515 586 575 etad
602 518 751 578 victoriam
767 525 913 595 spectent,
930 517 995 596 quis
1010 516 1084 578 utile
1098 511 1205 594 negoti

199 599 317 661 Feriuut
344 601 464 660 animum
495 609 523 659 et
552 618 608 659 uuo
636 602 693 659 ictu
721 599 889 679 frequenter
912 600 1065 679 impellunt
1092 603 1202 680 etipsa

200 685 342 746 brevitate
358 686 449 760 magis
464 683 586 743 haerent
604 693 633 744 et
650 683 845 745 delectatione
862 684 1051 782 persuadent

159 780 193 836 49
284 768 323 828 At
349 776 413 827 suut
439 767 486 846 qui
513 751 604 827 haec
617 769 787 830 excitatiora
814 767 934 842 lumina,
964 769 1081 828 etiamsi
1109 768 1201 832 dicere

202 853 382 932 permittant,
413 870 428 912 a
458 851 666 928 componendis
693 861 787 913 tamen
816 850 994 914 orationibus
1022 851 1201 912 excludenda

201 935 383 997 arbitrentur.
427 933 572 1006 Quocirca
598 935 665 997 nutui
691 955 727 994 ue
756 933 803 996 hic
829 936 943 1014 quidem
970 936 1056 996 locus
1084 937 1200 996 intactus

202 1029 246 1079 est
266 1018 453 1094 omittendus,
476 1017 552 1096 quod
575 1017 675 1096 plures
696 1019 871 1080 eruditorum
887 1019 971 1080 aliam
998 1038 1069 1082 esse
1093 1017 1200 1080 dicendi

200 1104 339 1162 rationem
356 1103 441 1161 aliam
457 1101 603 1162 scribendi
619 1111 803 1179 putaverunt:
826 1103 951 1182 ideoque
966 1106 996 1165 ln
1014 1103 1133 1182 agendo
1151 1101 1200 1162 cla·

200 1188 331 1246 tissimus
356 1184 495 1264 quosdam
518 1185 587 1245 nihil
610 1187 782 1264 posteritati*
795 1189 995 1265 mansurisque
1015 1205 1087 1248 mox
1104 1187 1200 1246 litteris

201 1271 368 1348 reliquisse,
387 1278 416 1327 ut
432 1268 587 1345 Periclem,
605 1279 633 1328 ut
651 1269 811 1350 Demaden,
827 1289 926 1332 rursus
942 1271 1017 1330 alios
1035 1271 1073 1332 ad
1090 1287 1199 1348 compo·

201 1354 324 1415 neudum
341 1354 465 1432 optimos
481 1353 643 1414 actionibus
658 1354 780 1414 idoneos
798 1371 855 1414 nou
870 1353 977 1429 fuisse,
995 1364 1025 1416 ut
1038 1354 1201 1416 Isocraten:

159 1447 358 1516 sopraeterea
381 1436 408 1494 in
425 1436 539 1513 agendo
561 1438 625 1515 plus
648 1439 770 1516 impetus
793 1437 964 1518 plerumque
981 1447 1011 1497 et
1028 1441 1137 1516 petitas
1158 1437 1201 1495 rel

202 1521 287 1601 paulo
311 1521 444 1582 licentius
465 1520 649 1598 voluptates,
671 1523 896 1584 commovendos
919 1523 994 1584 enim
1011 1541 1081 1582 esse
1100 1521 1201 1582 ducen-

202 1607 315 1684 dosque
338 1605 448 1664 animos
468 1604 678 1681 imperitorum
703 1614 731 1666 at
752 1604 830 1686 quod
851 1605 932 1666 libris
955 1606 1109 1666 dedicatur
1130 1615 1157 1666 et
1178 1605 1203 1662 iu

203 1687 366 1787 exemplqm
382 1685 485 1763 editur,
501 1696 609 1748 tersum
626 1707 660 1748 ac
676 1689 800 1750 limatum
817 1699 847 1750 et
862 1690 897 1750 ad
912 1689 1010 1766 legem
1026 1708 1061 1750 ac
1074 1688 1202 1766 regulam

202 1773 393 1852 compositum
416 1789 484 1830 esse
508 1781 664 1851 oportere,
686 1775 752 1852 quia
770 1774 869 1833 veniat
888 1773 915 1834 in
929 1791 1030 1834 manus
1050 1773 1200 1835 doctorum

160 1871 192 1922 51
203 1867 232 1918 at
247 1857 358 1917 iudices
374 1857 442 1917 artis
465 1855 570 1916 habeat
592 1855 728 1916 artifices
763 1857 836 1932 Quin
861 1857 901 1918 illl
925 1855 1048 1919 subtiles
1066 1857 1152 1935 (ut
1129 1857 1200 1916 simi

202 1939 276 2001 libus
294 1939 391 2000 multis
405 1943 627 2020 persuaserunt)
643 1943 771 2018 magistri
786 1933 972 2022 παράδειγμα
992 1940 1136 2016 diceudo,
1156 1938 1197 2000 ἐν·

201 2019 326 2102 θύμημα
342 2021 496 2083 scribendo
514 2042 580 2082 esse
597 2026 700 2104 aptius,
717 2027 901 2089 tradiderunt
931 2021 1000 2088 Mihi
1016 2044 1102 2086 uuum
1118 2034 1198 2104 atque

201 2108 275 2166 idem
291 2105 405 2168 videtur
421 2107 496 2166 bene
509 2105 611 2170 dicere
628 2126 662 2168 ac
678 2105 752 2168 bene
770 2109 911 2184 scribere,
928 2127 1024 2188 neque
1042 2108 1119 2171 aliud
1136 2125 1197 2166 esse

202 2192 293 2250 oratio
321 2191 429 2269 scripta
456 2208 539 2288 quam
564 2201 776 2255 mouumentum
800 2193 920 2253 actionis
941 2193 1070 2254 habitae.
1102 2191 1226 2289 ltaque

202 2273 296 2334 nullas
311 2292 378 2350 uon,
396 2283 424 2335 ut
440 2276 554 2352 opinor,
572 2275 660 2336 debet
676 2265 795 2352 habere,
811 2277 931 2337 virtutes
948 2275 1032 2350 dico,
1052 2293 1112 2339 uon
1126 2274 1195 2334 uitia.

202 2357 296 2416 Nam
288 2358 426 2436 imperitis
439 2358 558 2499 placere
574 2359 727 2438 aliquando
743 2379 817 2438 quae
833 2361 935 2420 vitiosa
952 2361 1019 2434 sict,
1036 2362 1111 2420 scio
1139 2358 1196 2456 ῼιιι

161 2442 360 2500 dadillereut
352 2436 458 2516 igitur?
495 2441 605 2514 Quodsi
622 2443 689 2505 mihi
706 2443 760 2507 des
782 2444 932 2504 consilium
947 2444 1073 2504 iudicum
1090 2444 1196 2521 sapien·

204 2534 276 2599 turn,
301 2542 439 2603 perquam
463 2525 550 2586 multa
571 2527 697 2587 recidam
721 2547 758 2588 ex
782 2528 959 2590 orationibus
976 2545 1036 2588 nou
1053 2523 1196 2588 Ciceronis

203 2608 289 2668 modo
307 2607 358 2667 sed
376 2610 461 2670 etiam
478 2611 558 2684 eius,
583 2611 631 2690 qui
651 2621 695 2673 est
711 2613 838 2674 strictior
857 2609 961 2688 multo,
985 2609 1195 2671 Demosthenis

202 2690 306 2789 Neque
323 2692 396 2752 euim
412 2692 534 2760 allectus
551 2695 664 2754 omniuo
681 2696 816 2755 movendi
832 2704 929 2772 erunt,
946 2713 1002 2758 uec
1018 2713 1105 2759 aures
1125 2693 1196 2756 dele·

204 2775 328 2834 clatione
352 2774 538 2852 mulcendae,
564 2797 626 2839 cunr
647 2780 731 2840 etiam
753 2781 902 2858 prooemia
928 2796 1114 2858 supervacua
1136 2795 1196 2840 csse

203 2858 277 2937 apud
297 2859 372 2918 tales
394 2860 570 2922 Aristoteles
592 2863 751 2930 existimem
773 2880 830 2924 nou
847 2863 921 2924 euim
936 2861 1087 2922 trahentur
1102 2857 1147 2922 his
1162 2858 1198 2920 illi

203 2943 365 3020 sapientes;
390 2945 509 3022 proprie
534 2954 563 3005 et
584 2945 779 3022 significanter
800 2965 861 3006 rem
883 2947 1028 3020 indicare,
1055 2945 1197 3024 probatio·

162 3032 257 3086 sones
274 3023 433 3101 colligere,
458 3028 527 3086 satis
546 3039 600 3090 est.
634 3024 704 3090 Cum
725 3047 796 3090 vero
813 3029 900 3092 iudex
915 3029 999 3093 detur
1014 3039 1063 3090 aut
1079 3029 1199 3108 populus

204 3116 251 3168 aut
274 3127 311 3168 ex
331 3108 459 3208 populo,
487 3111 628 3193 laturique
654 3116 825 3177 seutentiam
848 3113 956 3174 indocti
980 3113 1100 3192 saepius
1118 3123 1198 3190 atque

203 3194 314 3252 interim
330 3193 445 3252 rustici:
474 3195 584 3271 omnia,
608 3215 682 3274 quae
704 3195 740 3257 ad
761 3197 963 3272 obtinendum,
987 3198 1066 3276 quod
1084 3193 1197 3256 intendi·

204 3293 281 3351 mus,
300 3277 442 3355 prodesse
460 3279 627 3356 credemus,
650 3280 810 3343 adhibenda
828 3291 903 3350 suut;
923 3297 1017 3360 eaque
1036 3288 1066 3339 ct
1083 3299 1147 3340 curn
1162 3279 1196 3340 di·

205 3360 293 3418 cimus
309 3361 467 3438 promenda
485 3371 592 3422 etcum
609 3363 758 3425 scribimus
776 3362 952 3425 ostendenda
967 3372 1050 3438 snut,
1073 3365 1099 3424 si
1117 3363 1195 3424 modo

161 3440 270 3504 acideo
291 3443 458 3522 scribimus,
485 3455 515 3504 ut
544 3445 701 3508 doceamus
727 3448 870 3527 quomodo
894 3447 950 3508 dici
976 3456 1122 3526 oporteat.
1155 3444 1197 3506 An
