2446 3962
256 199 367 246 msa.
391 197 539 245 oaauon.
562 198 631 244 aas.
654 197 706 262 111,
736 191 761 247 t.
774 192 800 246 8.
979 185 1036 245 135

66 350 258 412 Lacedaemone
272 351 366 413 studia
384 353 542 414 litterarum
558 367 641 430 quam
659 351 781 411 Athenis
799 353 926 412 honores
944 371 1036 412 mere·

65 433 165 511 buntur,
193 437 257 514 plus
279 438 417 514 patientia
440 455 474 496 ac
487 435 636 496 fortitudo.
682 435 779 515 Rapto
799 438 899 496 uivere
922 436 1037 515 quibus·

65 517 116 577 dan
130 518 290 594 honestum,
314 521 377 580 aliis
401 539 469 580 cura
491 519 597 596 legum.
640 517 803 596 Frugalitas
826 521 901 599 apud
922 520 1037 594 Sybari·

65 609 99 661 tas
115 602 228 662 forsitan
250 603 316 664 odio
334 604 427 680 foret,
450 602 598 665 veteribus
615 603 752 663 Romanis
770 621 907 663 summum
927 604 1037 663 luxoria
1176 671 1193 676 Η

66 687 162 745 crimen.
195 686 303 748 Eadem
317 689 346 746 in
363 688 483 765 singulis
501 687 671 748 differentia.
707 685 831 748 Maxime
846 688 925 748 lavet
941 689 1080 764 iudex,2t

66 770 102 846 qni
116 769 166 830 sihi
183 771 325 831 dicentem
342 773 476 831 assentiri
493 779 583 850 putat.
619 770 699 831 ldem
717 773 861 851 praecipit
878 771 949 831 illud
967 789 1037 851 quo·
1137 835 1138 842 χ
1175 783 1179 790 ·

65 869 123 928 que,
144 855 234 933 (quod
257 872 326 915 mox
341 852 494 915 Cornelius
513 853 618 915 Celsus
642 871 737 933 prope
750 873 838 934 supra
861 855 977 913 modum
998 857 1038 913 in-

64 938 135 1016 uasit)
158 941 221 1016 quia
243 941 281 998 sit
304 941 444 1018 quaedam
464 937 617 998 virtutibus
640 955 675 998 ac
692 939 769 998 vitiis
787 939 934 1014 vicinitas,
957 947 1037 997 uten-

64 1019 246 1100 dumproxima
260 1023 440 1084 derivatione
450 1023 616 1098 verborum,
635 1031 666 1081 ut
682 1039 737 1101 pro
754 1023 908 1082 temerario
921 1022 1038 1097 iontem,

64 1119 104 1180 pro
119 1106 237 1184 prodigo
260 1106 429 1184 liberalem,
456 1124 510 1187 pro
534 1123 621 1168 avaro
644 1125 763 1184 parcum
785 1123 937 1175 vocemus;
964 1125 1039 1184 quae

63 1186 145 1248 eadem
161 1191 242 1251 etiam
268 1199 368 1251 contra
384 1191 492 1252 ualent.
528 1190 613 1264 Quod
630 1189 745 1267 quidem
764 1199 873 1264 orator,
890 1190 918 1248 id
938 1199 983 1249 est
995 1192 1040 1248 vir

63 1268 152 1348 bouus,
169 1292 312 1353 nunquam
329 1275 429 1350 laciet,
448 1275 503 1333 nisi
518 1273 596 1334 forte
610 1274 752 1333 communi
768 1274 891 1333 utilitate
906 1273 1037 1333 ducetur.

128 1355 285 1419 Laudentur
301 1367 396 1419 autem
413 1359 524 1418 urbes
542 1356 674 1416 similiter
693 1365 779 1435 atque
796 1357 937 1418 homiues.
969 1355 1082 1418 Namtb

63 1454 103 1514 pro
122 1452 236 1517 parente
261 1450 307 1501 est
330 1442 472 1518 conditor,
497 1450 526 1501 et
547 1441 665 1502 multum
685 1442 864 1501 auctoritatis
886 1441 970 1502 allert
989 1458 1039 1499 ve·
1167 1511 1169 1514 Ι
1192 1447 1193 1450 ’

63 1527 144 1600 tostas,
164 1533 193 1584 ut
214 1525 272 1601 his,
297 1526 344 1602 qui
368 1535 447 1586 terra
469 1527 601 1586 dicuntur
624 1527 695 1592 orti:
719 1534 749 1584 et
772 1527 894 1585 virtutes
916 1524 1040 1584 novitia
1145 1545 1146 1548 ¹
1169 1551 1171 1558 s

65 1605 125 1667 circa
137 1625 182 1668 res
199 1618 303 1687 gestas
320 1609 421 1670 eadem
439 1627 513 1688 quae
535 1610 563 1668 iu
586 1609 724 1687 singulis,
747 1609 796 1669 illa
814 1609 943 1686 propria,
965 1624 1039 1685 quae

65 1704 94 1746 eu
108 1689 158 1750 loci
178 1694 326 1772 positione
347 1710 382 1754 ac
399 1695 554 1753 munitione
572 1702 646 1752 sunt.
681 1688 768 1754 Ciues
786 1693 843 1752 illis
868 1701 898 1751 ut
920 1691 1039 1751 homini·

66 1768 106 1830 bus
122 1775 198 1836 liberi
220 1777 334 1838 decori.
1176 1817 1186 1844 ,-

128 1857 176 1920 llst
193 1861 258 1921 laus
282 1869 311 1920 et
333 1877 503 1939 opernm,
527 1861 556 1919 in
576 1858 678 1937 quibus
696 1855 806 1933 honor,
827 1858 954 1932 utilitas,
974 1856 1083 1935 pul-27
1191 1857 1192 1862 ’

63 1936 186 2020 chritudc,
210 1952 317 2006 auctor
338 1945 466 2023 spectari
489 1943 576 2004 solet.
610 1942 710 2003 llooor
730 1951 761 2001 ut
782 1942 810 2001 in
831 1939 1040 2019 templis,·uti·
1187 1951 1188 1954 ’

60 2019 112 2082 litas
130 2035 157 2086 ut
179 2030 207 2088 in
223 2029 326 2103 muris,
351 2027 534 2107 pulchritudo
553 2027 602 2087 vel
623 2035 725 2087 auctor
742 2026 906 2104 utrobique.
943 2023 997 2086 Est
1012 2032 1042 2084 et

60 2102 223 2188 locorum,
249 2111 346 2190 qualis
368 2112 486 2172 Siciliae
510 2111 585 2190 apud
609 2108 800 2186 Ciceronem,
823 2110 852 2170 in
875 2108 977 2187 quibus
1003 2110 1040 2166 si-

58 2190 146 2253 militer
163 2199 295 2275 speciem
319 2203 348 2255 et
373 2195 525 2264 utilitatem
549 2196 704 2262 intuemur;
728 2195 857 2272 speciem
879 2192 1039 2266 maritimis,

59 2273 151 2354 planis,
174 2281 304 2341 amoenis
311 2300 319 2347 ;
348 2279 499 2340 utilitatem
521 2277 703 2353 salubribus,
726 2275 880 2337 fertilibus.
926 2273 989 2334 llrit
1012 2282 1041 2333 ct

40 2355 180 2438 ¹dictorum
198 2365 389 2425 honestorum
406 2363 605 2441 factorumque
623 2361 685 2422 laus
700 2360 857 2438 generalis,
879 2359 933 2418 erit
951 2366 980 2418 et
994 2375 1040 2418 re·
1181 2407 1182 2412 ,

59 2457 107 2502 mm
127 2449 213 2507 omnis
236 2447 325 2508 modi.
364 2445 437 2507 Nam
459 2455 488 2506 et
509 2447 601 2506 somni
623 2455 652 2504 et
670 2447 770 2504 mortis
795 2444 922 2523 scriptae
939 2443 1085 2505 laudestd

60 2532 82 2583 tl
99 2530 272 2606 quorundam
292 2550 309 2591 a
324 2531 443 2591 medicis
467 2528 606 2590 ciborum.
1174 2523 1191 2534 ”

126 2612 240 2693 ltaque,
274 2624 304 2675 ut
331 2632 389 2674 nou
415 2615 551 2674 consensi
572 2612 630 2674 hoo
652 2611 826 2674 laudativum
847 2627 939 2688 genus
964 2611 1042 2669 circa

61 2691 134 2756 solam
155 2700 268 2760 versari
290 2699 405 2759 honesti
435 2698 653 2776 quaestionem,
685 2696 728 2756 sic
753 2695 891 2774 qualitate
919 2695 1041 2754 maxime

61 2780 181 2841 contineri
203 2791 293 2861 puto;
317 2799 477 2861 quanquam
495 2790 555 2841 tres
573 2789 664 2841 status
684 2796 786 2839 omnes
805 2778 910 2837 cadere
934 2779 962 2835 in
985 2778 1042 2837 hoc

60 2869 119 2934 opus
138 2867 260 2942 possint,
287 2867 391 2944 hisque
411 2883 492 2925 usum
512 2861 545 2924 (l.
563 2862 720 2925 Gaesarem
734 2864 764 2923 in
779 2860 971 2940 vituperando
987 2857 1041 2920 Ca-

58 2945 113 3004 tone
133 2951 276 3010 notaverit
293 2948 407 3010 cicero.
453 2948 557 3008 Totum
584 2957 679 3008 autem
706 2945 794 3007 habet
819 2944 927 3023 aliquid
949 2945 1042 3004 simile

59 3033 195 3164 amosiis,
225 3034 293 3112 quia
316 3033 489 3112 plerumque
513 3031 614 3092 eadem
639 3031 700 3092 illio
722 3029 838 3092 suaderi
862 3028 910 3088 hic
933 3028 1043 3089 laudari

266 3271 309 3320 ou
328 3268 490 3321 suasorem
508 3269 549 3318 ur
564 3265 821 3321 PROSOPOPOEIA.
1195 3329 1196 3332 Ἴ

139 3348 201 3410 titt.
227 3350 506 3412 Deliberativas
526 3367 642 3429 quoque
661 3351 750 3410 miror
768 3345 963 3428 aquibusdam
978 3344 1056 3410 sola,
1151 3333 1196 3410 22²5ss

58 3429 83 3482 tt
139 3439 165 3491 te
187 3434 289 3496 linitas.
342 3435 387 3494 Ac
415 3437 439 3494 si
464 3433 531 3514 quid
552 3437 580 3493 in
600 3434 644 3494 his
667 3453 752 3493 unum
774 3433 857 3509 sequi
880 3437 1042 3510 oporteret,
1147 3467 1177 3516 ¹:

27 3479 32 3690 l

27 3775 30 3832 r

27 3841 74 3925 l„
