2470 3962
178 203 240 266 238
514 213 873 273 urauqmuurumur

179 369 285 430 oliroia.
320 368 361 429 lta
383 388 437 430 nec
459 367 677 430 antecedentem
700 368 841 445 consequi
864 384 1034 445 possumus,
1062 378 1095 428 et
1119 369 1183 428 lou·

178 454 243 530 gius
260 453 381 514 eundum
398 463 453 527 est,
470 461 499 512 ut
517 471 565 512 res
581 452 665 511 leret.
696 449 733 511 ut
749 449 908 529 probabilis
924 455 1018 511 tamen
1034 454 1185 531 cupiditas

179 537 364 596 honestorum
386 546 414 596 et
435 536 514 596 velut
528 537 640 595 tutioris
656 535 807 595 audentiae
824 543 869 594 est
893 543 1050 614 temptare,
1076 535 1186 614 quibus
1219 595 1221 620 ,

177 621 305 698 paratior
319 621 402 680 venia
418 629 472 680 est.

264 772 329 824 NON
347 770 448 823 POSSE
467 771 646 822 ORATOREM
660 769 739 820 ESSE
757 767 821 819 NlSl
838 770 942 820 virtum
960 771 1089 822 BONUM.

262 866 283 927 l.
301 867 343 927 Sit
361 884 432 943 ergo
450 865 532 926 nobis
551 877 666 942 orator,
692 884 776 945 quem
793 867 1007 940 constituimus,
1032 867 1074 940 is,
1100 870 1184 945 quia

178 951 216 1013 M.
236 949 346 1012 Catone
362 951 472 1026 linitur,
493 952 550 1010 vir
570 951 688 1010 bonus
711 949 860 1010 dicendi
878 951 1040 1027 peritus:
1065 969 1184 1028 uerum,

178 1037 206 1097 id
225 1035 301 1114 quod
318 1044 346 1094 et
364 1034 413 1094 ille
429 1037 524 1112 posuit
544 1037 640 1112 prius,
664 1043 692 1098 et
715 1035 778 1112 ipsa
800 1042 899 1093 natura
919 1035 1016 1111 potius
1035 1051 1071 1094 ao
1088 1037 1183 1095 maius

179 1129 240 1195 est,
256 1121 353 1197 utique
371 1118 566 1178 virbonus.
598 1117 631 1179 ld
648 1134 756 1176 moneo
773 1125 895 1190 tautum,
912 1115 1008 1195 quod,
1026 1118 1051 1176 si
1068 1121 1115 1176 vis
1132 1120 1183 1180 illa

178 1203 290 1265 dicendi
305 1202 440 1262 malitiam
455 1204 639 1276 instruxerit,
657 1201 724 1260 nihil
741 1201 777 1260 sit
792 1200 917 1278 publicis
935 1201 1119 1278 privatisque
1135 1222 1183 1263 re·

145 1327 149 1334 -
177 1289 231 1347 bus
248 1289 439 1367 perniciosius
458 1287 636 1363 eloquentia,
654 1303 766 1364 nosque
784 1286 849 1362 ipsi,
867 1285 984 1364 quipro
1001 1285 1079 1344 virili
1098 1296 1183 1364 parte

178 1372 314 1432 conterre
329 1371 435 1448 aliquid
451 1371 487 1430 ad
502 1370 668 1430 laenitatem
683 1368 796 1429 dicendi
813 1370 908 1428 conati
923 1386 1032 1444 sumus,
1050 1371 1183 1447 pessime

178 1467 338 1516 mereamur
361 1454 396 1514 de
422 1453 510 1513 rebus
535 1455 679 1528 humanis,
708 1454 732 1512 si
756 1453 859 1512 latroni
883 1469 1086 1530 comparamus
1107 1454 1180 1515 lraec

149 1551 254 1602 tarma
270 1556 327 1598 non
344 1538 433 1597 militi.
467 1535 541 1610 Quid
558 1539 593 1597 de
616 1536 699 1596 nohis
715 1535 841 1615 loquor‘l
866 1535 973 1595 Rerum
995 1537 1061 1614 ipsa
1078 1547 1179 1599 natura
1216 1580 1221 1586 -

178 1625 206 1681 in
224 1640 277 1698 eo,
303 1621 379 1699 quod
397 1623 554 1699 praecipue
571 1621 724 1682 indulsisse
740 1621 846 1680 homini
860 1620 973 1682 videtur
988 1638 1111 1699 quoque
1127 1640 1177 1683 nos

178 1725 193 1765 a
222 1707 327 1766 ceteris
352 1704 519 1765 animalibus
547 1723 719 1784 separasse,
747 1722 804 1764 uon
831 1722 937 1783 pareus
965 1705 1017 1764 sed
1049 1723 1178 1766 noverca

177 1790 281 1866 fuerit,
309 1791 332 1849 si
354 1788 520 1851 facultatem
542 1789 671 1864 dicendi,
701 1789 811 1847 sociam
834 1787 996 1863 scelerum,
1024 1790 1179 1851 adversam
1220 1853 1221 1860 ,

177 1876 376 1948 innocentiae,
400 1873 512 1933 hostem
532 1874 662 1933 veritatis
678 1875 795 1932 invenit.
831 1871 926 1932 llutos
948 1872 1022 1932 enim
1046 1877 1130 1934 nasci
1151 1883 1180 1934 et

177 1977 267 2036 egere
280 1959 354 2018 omni
371 1959 482 2018 ratione
499 1958 587 2017 satius
602 1957 720 2026 fuisset,
744 1974 827 2035 quam
843 1956 1044 2034 providentiae
1060 1976 1179 2020 munera

147 2045 204 2110 ain
224 2052 347 2102 mutuam
370 2043 529 2120 perniciem
551 2049 733 2100 convertere.
766 2038 892 2117 longius
916 2039 1007 2100 tendit
1024 2039 1083 2101 hoc
1108 2043 1178 2102 iudi·

177 2129 251 2187 cium
265 2144 369 2202 meum.
401 2123 503 2203 Neque
520 2127 593 2184 euim
609 2134 716 2184 tantum
736 2123 764 2183 id
782 2124 865 2200 dico,
887 2142 967 2198 eum,
990 2126 1039 2202 qui
1057 2127 1096 2184 sit
1113 2144 1177 2186 ora·

79 2284 85 2288 .
175 2221 238 2284 tor,
265 2211 355 2269 virum
380 2209 485 2269 bonum
506 2227 574 2270 esse
597 2217 751 2286 oportere,
779 2207 832 2268 sed
854 2226 891 2267 ue
912 2207 1035 2268 futurum
1060 2211 1177 2288 quidem
1219 2237 1221 2288 ,

176 2303 320 2355 oratorem
334 2294 388 2353 nisi
403 2295 494 2354 virum
510 2294 623 2353 bonum.
654 2291 725 2351 Nam
746 2301 826 2370 certe
842 2310 937 2370 aeque
954 2290 1175 2370 intelligentiam

175 2379 361 2438 concesseris
379 2377 430 2453 iis,
454 2378 518 2456 qui,
541 2379 690 2455 proposita
712 2377 898 2436 honestorum
919 2395 954 2436 ac
978 2379 1105 2455 turpium
1120 2381 1176 2454 via,

175 2461 306 2540 peiorem
321 2461 402 2538 sequi
418 2460 534 2536 malent,
551 2479 647 2539 neque
664 2461 853 2538 prudentiam,
871 2474 935 2520 cum
946 2461 973 2519 iu
988 2462 1176 2538 gravissimas

175 2547 345 2622 frequenter
362 2543 470 2622 legum,
489 2562 608 2624 semper
622 2561 694 2604 vero
709 2544 802 2605 malae
819 2545 1016 2605 conscientiae
1032 2562 1144 2624 poenas
1159 2565 1175 2606 a

95 2629 98 2643 '
151 2634 267 2689 lsemet
287 2628 359 2709 ipsis
383 2630 540 2707 improviso
558 2647 654 2689 rerum
671 2629 749 2688 exitu
767 2628 927 2689 induantur.
959 2614 1072 2702 Quodsi
1087 2633 1174 2690 neuri-

174 2729 239 2772 nem
257 2712 360 2773 malum
378 2731 446 2774 esse
461 2714 516 2773 uisi
532 2713 648 2774 stultum
666 2714 798 2788 eundem,
816 2729 874 2772 non
890 2712 976 2772 modo
995 2715 1173 2791 sapientibus
1220 2699 1221 2724 ¹

175 2796 279 2857 dicitur
298 2796 352 2857 sed
363 2797 461 2874 ‚vulgo
485 2813 602 2876 quoque
624 2815 742 2874 semper
765 2806 812 2863 est,
831 2796 985 2856 creditum:
1017 2808 1098 2856 certe
1120 2815 1173 2858 non

176 2881 225 2940 fiet
246 2898 368 2959 uuquam
395 2881 499 2941 stultus
526 2891 633 2941 orator.
674 2880 757 2940 Adde
773 2881 851 2959 quod
874 2898 911 2940 ne
938 2879 1033 2940 studio
1062 2883 1172 2960 quidem

176 2965 275 3042 operis
301 2962 486 3041 pulcherrimi
512 2983 618 3025 vacare
641 2983 722 3024 mens
746 2967 800 3024 nisi
827 2963 958 3024 omuibus
979 2966 1057 3024 vitiis
1083 2965 1171 3026 libera

174 3057 287 3126 potest:
314 3048 434 3125 primum
456 3047 532 3126 quod
548 3049 575 3107 in
592 3048 695 3108 eodem
711 3059 834 3126 pectore
849 3047 957 3107 nullum
976 3057 1021 3108 est
1036 3049 1169 3110 honesto·
1218 3089 1221 3104 .

175 3148 235 3190 rum
251 3132 430 3209 turpiumque
447 3134 639 3206 consortium,
657 3142 686 3192 et
702 3133 834 3210 cogitare
851 3133 958 3210 optima
974 3133 1058 3193 simul
1074 3152 1109 3193 ao
1124 3135 1169 3193 de·
1220 3197 1221 3202 ,

176 3215 290 3275 terrima
316 3231 372 3274 non
397 3217 488 3292 magis
514 3224 560 3274 est
582 3218 664 3275 unius
685 3217 769 3276 animi
795 3234 879 3295 quam
903 3216 1031 3277 eiusdem
1053 3217 1169 3277 hominis
1220 3291 1221 3296 ἵ

95 3323 97 3329 ⁴
148 3298 278 3361 abortum
294 3317 361 3358 esse
377 3317 411 3358 ao
426 3298 544 3367 malum;
562 3309 619 3360 tum
636 3299 683 3360 illa
700 3317 817 3378 quoque
834 3318 983 3375 excausa,
1002 3302 1081 3379 quod
1095 3320 1167 3362 men-

175 3392 233 3442 tem
249 3391 345 3443 tantae
361 3384 404 3442 rei
419 3383 554 3443 intentam
569 3401 676 3445 vacare
693 3384 824 3444 omnibus
840 3382 904 3445 aliis
920 3385 1005 3444 etiam
1023 3385 1107 3464 culpa
1124 3402 1166 3444 oa·
1220 3405 1221 3416 ¹

174 3465 303 3524 rentibus
321 3467 397 3525 curis
413 3475 537 3544 oportet.
573 3466 614 3527 lta
630 3468 743 3527 demum
758 3469 833 3528 enim
848 3467 941 3528 libera
958 3485 993 3528 ao
1008 3477 1078 3544 tota,
1094 3469 1166 3529 nulla
