2436 3956
256 278 343 324 rnsr.
369 277 517 326 onnron.
540 278 609 326 urs.
633 277 749 346 vr11,3.
763 277 789 330 4.
987 273 1029 334 65

23 436 121 490 tamen
136 429 197 488 eius
214 445 306 506 opera
323 429 454 502 δείνωσις
475 431 503 489 in
527 434 731 509 exaggeranda
751 434 929 512 indignitate,
955 447 985 498 et
999 440 1028 500 in

24 514 132 572 ceteris
148 513 269 573 altitudo
289 515 447 591 quaedam,
470 515 618 590 φαντασία
641 517 669 575 in
690 519 888 595 concipiendis
910 521 1026 582 visioni-

20 593 94 674 lms,
117 593 268 674 ἐξεργασία
283 597 311 654 in
327 597 480 657 efficiendo
496 597 576 656 velut
594 615 686 676 opere
701 603 870 679 proposito,
894 604 939 683 cuj
954 606 1027 686 adii--

20 681 96 738 citur
112 677 316 758 ἐπεξεργασία,
340 681 475 758 repetitio
496 680 674 758 probationis
702 684 830 743 eiusdem
851 693 880 744 et
897 689 1026 748 cumulus

20 779 58 822 ex
73 762 241 838 abundanti,
258 761 387 843 ἐνέργεια
402 765 523 824 confinis
539 763 583 824 his
599 766 660 843 (cst
672 768 746 826 enirn
758 767 794 826 ab
806 770 919 845 agendo
933 771 1024 850 dicta)
1033 781 1068 836 89
1089 809 1118 826 --ν

21 854 50 905 et
69 847 152 906 cuius
172 847 290 927 propria
306 847 407 923 virtus,
426 865 484 908 non
496 867 575 924 asse,
593 867 667 926 quac
682 851 824 927 dicuntur,
842 854 946 913 otiosa.
973 853 1027 914 Est

20 938 49 988 et
70 947 198 990 amarum
220 929 367 1007 quiddam,
389 932 466 1009 quod
485 932 549 992 iere
576 933 604 991 in
628 935 801 1008 contumelia
823 945 868 995 est
887 937 1024 1014 positum,

19 1013 106 1091 quale
125 1009 235 1072 Cassii:
261 1011 343 1086 Qum
356 1015 472 1092 socies,
489 1035 556 1077 cum
571 1017 604 1077 im
622 1018 701 1078 donc
716 1026 769 1080 tuo
785 1019 945 1096 imoorero,
969 1022 1026 1083 ltoc

18 1105 72 1172 ert,
91 1116 161 1158 eum
179 1105 208 1158 te
223 1098 357 1159 docuero
377 1100 582 1161 maledicere?
611 1097 649 1160 Et
664 1119 748 1177 acre,
770 1111 801 1162 ut
823 1102 893 1163 illud
915 1101 1023 1180 Crassi,

17 1177 84 1259 Epo
101 1189 134 1242 to
150 1181 303 1242 censalem
313 1190 427 1259 putem,
453 1202 522 1244 com
537 1191 569 1244 tu
589 1202 637 1245 me
652 1203 710 1246 nom
723 1194 813 1264 putee
828 1191 1039 1248 senatoreml.

14 1263 76 1324 'Sed
101 1265 150 1322 vis
177 1265 302 1324 oratoris
329 1267 420 1324 omnis
441 1267 468 1325 in
490 1267 623 1344 augendo
645 1268 856 1347 minuendoque
881 1272 1022 1330 consistit.

16 1345 143 1427 Utrique
168 1348 243 1426 parti
264 1346 383 1408 totidem
402 1351 495 1426 modi,
519 1369 557 1410 ex
579 1349 682 1428 quibus
705 1353 881 1430 praecipuos
903 1355 1024 1430 attinge-

18 1447 92 1499 mus;
117 1431 226 1510 reliqui
247 1432 355 1491 similes
377 1442 468 1492 erunt.
517 1435 588 1494 Sunt
611 1443 705 1494 autern
724 1436 811 1514 positi
833 1437 862 1494 in
882 1436 969 1497 rebus
996 1448 1025 1497 et

19 1513 126 1574 verbis.
164 1515 238 1590 Sed,
262 1532 336 1593 quae
357 1517 394 1574 sit
416 1534 511 1576 rerum
526 1519 652 1576 inventio
669 1536 704 1578 ac
718 1520 809 1594 ratio,
826 1520 1066 1590 tractavimus;90

19 1614 102 1676 nunc,
121 1599 192 1676 quid
207 1598 335 1659 elocutio
352 1599 464 1660 attollat
479 1611 527 1661 aut
545 1601 695 1679 deprimat,
712 1602 873 1663 dicendum.

102 1763 153 1824 lv·
185 1765 279 1824 Prinna
297 1774 348 1832 ,est
369 1767 455 1844 igitur
480 1769 734 1846 amplificandi
764 1771 813 1830 vel
840 1770 1023 1831 minuendi

21 1851 138 1926 species
154 1849 263 1927 inipso
278 1851 467 1909 reinomine:
491 1861 522 1910 ut
533 1925 534 1930 η
546 1869 609 1910 cum
626 1869 706 1928 eunr,
723 1854 771 1930 qui
786 1855 823 1912 sit
839 1871 953 1928 caesus,
970 1873 1022 1915 oo·

20 1935 133 2008 cisum,
152 1949 235 2010 curn,
259 1933 307 2011 qui
331 1935 369 1992 sit
387 1933 551 2012 improbus,
574 1935 741 2006 lotromeno‚·
766 1944 924 2013 contraque
949 1954 1022 2012 curn,

21 2017 66 2092 qui
92 2015 236 2095 pulsavit,
264 2017 417 2096 ottiqieeo,
450 2017 497 2095 qui
527 2015 705 2093 vulneravit,
738 2019 864 2080 laesisse
893 2019 1021 2079 dicimus.

14 2095 178 2178 ,Utriusque
199 2101 309 2177 pariter
331 2101 494 2179 exemplum
518 2110 562 2160 est
583 2118 636 2179 pro
660 2099 697 2161 ll.
727 2099 848 2163 Gaelio:
871 2100 907 2163 Si
928 2105 1023 2164 oiduo

14 2181 125 2261 libere,
139 2193 290 2262 protervo
301 2186 492 2262 petulanter,
516 2186 601 2246 dioec
623 2184 732 2268 effuse,
749 2185 913 2248 libidinosa
927 2205 1024 2248 mere-

14 2268 107 2328 tricio
123 2286 208 2328 more
222 2269 355 2330 eiceret:
373 2270 548 2330 adulteram
569 2286 624 2352 epo
635 2277 796 2344 putarem,
813 2271 924 2348 siquis
943 2270 1024 2330 dome

14 2351 110 2430 poulo
135 2351 263 2412 liberius
289 2351 475 2412 salutasset?
500 2348 572 2410 Nam
594 2361 622 2410 et
643 2351 813 2430 impudicam
834 2354 1052 2415 meretricem

14 2433 151 2511 roravit,
178 2444 306 2512 etcum,
330 2435 376 2496 cui
397 2435 501 2513 longus
523 2452 586 2494 cum
608 2434 658 2495 illa
680 2435 775 2496 luerat
792 2453 877 2512 usus,
897 2437 1024 2499 liberius

14 2517 185 2580 *solutorem
213 2517 277 2580 Hoc
292 2537 384 2597 genus
395 2519 531 2579 increscit
547 2536 581 2578 ac
593 2518 625 2578 iit
636 2519 825 2596 manifestius,
843 2521 868 2580 si
884 2520 1022 2599 ampliora

22 2601 106 2662 verba
132 2620 198 2662 cum
222 2603 292 2680 ipsis
314 2601 489 2679 nominibus,
512 2619 565 2680 pro
590 2602 693 2680 quibus
717 2622 751 2663 ea
772 2605 894 2681 posituri
914 2622 1022 2678 sumus,

23 2685 221 2745 conferantur:
248 2695 278 2745 ut
304 2684 408 2747 Cicero
436 2687 464 2746 in
491 2684 629 2760 Verrem,
657 2685 725 2747 Non
746 2688 825 2747 enim
850 2687 951 2764 furem
967 2687 1024 2748 sed

23 2779 199 2848 ereptorem,
224 2789 285 2831 mom
307 2772 482 2832 adulterum
502 2770 559 2829 red
581 2779 823 2848 eupcpnotorem
841 2771 1023 2847 padicitiae,

22 2871 79 2914 mon
93 2854 282 2932 caeritequm
305 2855 363 2915 sed
382 2854 495 2916 hortem
516 2870 678 2914 sacrorum
690 2854 939 2931 rettptonomqoe,
963 2873 1023 2915 mora

24 2937 167 2999 ricarium
181 2939 239 2998 red
255 2938 498 2998 crudelissimam
524 2935 700 3014 carnificem
724 2938 835 2998 cloiam
853 2938 1022 3004 sociorum-

25 3037 78 3096 que
92 3024 125 3082 in
146 3028 282 3083 oestrum
302 3021 451 3083 indiciam
465 3019 662 3082 adducimus.
698 3019 754 3080 lllo
776 3020 850 3079 enirn
868 3021 966 3097 modo,
991 3028 1049 3082 uta

26 3103 59 3161 sit
76 3104 203 3180 multum,
219 3103 277 3164 lroc
298 3105 393 3179 etiam,
410 3103 476 3182 plns
491 3113 522 3162 ut
534 3104 587 3178 sit,
605 3103 738 3165 eflicitur.
772 3104 914 3177 Quattuor
929 3113 1023 3165 tamen

26 3188 144 3247 manime
167 3186 324 3276 generibus
351 3188 437 3248 video
467 3196 602 3246 constare
632 3187 900 3265 amplificationem,
930 3190 1023 3248 incre·

27 3280 130 3347 mento,
150 3273 376 3350 comparatione,
394 3270 625 3347 ratiocinatione,
642 3272 791 3348 congerie.

107 3354 380 3417 incrementum
402 3364 447 3414 est
462 3355 706 3432 potentissimum,
729 3371 792 3414 cum
807 3371 909 3431 magna
923 3353 1022 3412 viden·

29 3443 79 3518 tur,
98 3440 183 3499 etiam
198 3458 273 3518 quac
285 3438 423 3499 inferiora
437 3446 511 3497 sunt.
549 3435 581 3496 ld
605 3447 653 3496 aut
672 3455 728 3496 uno
743 3437 833 3514 gradu
849 3438 880 3503 lit
896 3446 944 3496 aut
961 3437 1025 3515 plu·

28 3517 113 3579 ribus.
156 3523 213 3582 Per
240 3523 269 3583 id
294 3523 407 3582 venitur
433 3538 490 3580 non
515 3520 601 3580 modo
625 3520 660 3580 ad
680 3538 817 3580 summum
839 3521 891 3581 sed
912 3522 1026 3581 interim

66 3623 96 3661 rr·
108 3623 131 3664 r.
145 3625 257 3675 oumrrs.
269 3610 304 3665 ll.
853 3604 872 3666 5
