2446 3962
331 167 420 215 msa.
434 165 582 215 aaaron.
595 167 664 214 nus.
677 168 728 234 111,
741 164 767 219 a.
997 155 1056 217 119

63 329 155 400 potest
169 318 291 381 eundem
305 319 354 380 vel
369 329 569 382 accusatorem
584 321 684 382 facere
699 324 748 384 vel
763 340 860 385 reum:
883 321 943 397 Qui
957 332 1056 388 urtam

61 405 210 466 ludicrum
229 407 417 488 coercuerit,
447 405 479 464 io
500 406 744 482 quattuordecim
764 408 875 485 primis
894 408 1056 471 ordinibus

62 507 96 549 oc
113 488 241 556 redcat,-
264 489 312 566 qui
335 505 368 546 se
385 489 514 566 praetori
531 489 560 546 in
580 487 671 550 hortis
688 491 868 552 ostenderat·
880 509 975 570 neque
992 501 1055 552 erat

62 571 224 649 productus,
240 571 340 631 sedit
330 589 360 630 ιιι
373 570 603 650 quattuordecim
619 573 776 634 ordinibus.
806 573 918 652 Nempe
932 577 1053 636 intentio
1063 579 1097 633 19

62 664 117 714 est:
140 653 249 716 Artem
273 655 428 717 ludicram
451 657 636 724 coercuisti·
658 656 808 738 depulsio:
838 656 907 720 Noa
928 661 1056 722 coacta

21 746 153 800 orteia
165 740 337 806 ludicrum
357 740 507 816 quaestio:
532 735 614 810 Quid
627 741 666 800 sit
680 748 779 802 ortem
792 743 948 804 ludicram
963 762 1054 806 cccr-

62 825 146 883 crre?
181 822 214 883 Si
235 821 420 882 accusabitur
444 820 579 881 theatrali
600 823 687 900 lege
710 824 843 924 depulsio
869 827 924 885 erit
944 829 1003 894 rei;
1029 827 1055 885 si

62 906 196 965 excitatns
219 906 308 965 luerit
329 905 366 966 de
383 903 560 984 spectaculis
578 913 607 965 et
627 909 722 984 aget'
712 910 894 986 iniuriarum,
918 909 1054 988 depulsio

60 990 109 1048 erit
121 991 313 1050 accusatoris.
350 987 543 1067 Frequentius
560 998 655 1050 tamen
672 990 743 1052 illud
759 993 889 1069 accidet,
913 992 992 1072 quod
1008 1001 1098 1058 cetto

61 1070 221 1150 aplurlmis
246 1071 389 1132 traditum
419 1069 591 1149 diffugerunt
614 1073 666 1134 has
689 1077 876 1153 quaestiones
903 1079 952 1155 qui
974 1076 1054 1136 dixe·

61 1165 133 1231 runt,
155 1164 263 1216 statum
280 1173 347 1215 esse
361 1156 406 1230 id,
427 1155 504 1235 quod
519 1167 658 1235 appareat
674 1176 713 1218 ex
733 1161 892 1219 intentione
909 1169 939 1219 et
953 1158 1054 1237 depul-

61 1239 150 1315 sione,
174 1249 206 1300 ut
229 1237 359 1315 Fecisti,
379 1201 447 1300 doc
464 1239 529 1317 feci
547 1248 594 1299 aut
609 1240 704 1303 Recte
721 1242 795 1320 feci.
826 1241 989 1306 Viderimus
1012 1251 1096 1306 tta-tt
1142 1278 1147 1287 ·

60 1338 130 1398 usn,
146 1332 243 1382 utrum
257 1323 288 1382 id
301 1324 338 1382 sit
355 1331 445 1382 status
461 1339 498 1382 an
512 1325 541 1383 in
557 1340 593 1382 eo
609 1333 710 1384 status.
741 1324 935 1402 Hermagoras
952 1335 1056 1390 statum

61 1415 151 1481 vocat,
173 1424 232 1485 per
255 1423 341 1485 quern
362 1406 493 1466 subiecta
514 1424 563 1466 res
578 1407 757 1486 intelligatur
778 1417 807 1468 et
828 1410 864 1471 ad
879 1427 964 1488 quem
986 1425 1054 1488 pro·

61 1487 182 1550 tationes
209 1491 299 1549 otiam
319 1491 441 1567 partium
464 1490 636 1551 referantur.
682 1491 789 1554 Nostra
813 1495 912 1573 opinio
937 1511 1055 1572 semper

61 1574 124 1637 haec
145 1574 219 1636 fuit:
243 1591 308 1635 eum
330 1581 429 1635 essent
444 1573 614 1654 frequenter
628 1577 657 1635 in
680 1594 767 1639 eausa
783 1577 892 1637 diversi
907 1579 1054 1656 quaestio·

63 1669 242 1734 cunctatus,
261 1661 292 1718 in
309 1675 345 1718 eo
363 1658 486 1718 credere
504 1667 640 1720 statum
658 1677 809 1736 causae,
833 1660 911 1741 quod
928 1670 1009 1720 esset
1026 1663 1055 1719 in

66 1759 95 1803 ea
111 1743 342 1822 potentissimum
365 1751 394 1802 et
415 1743 444 1800 in
467 1757 524 1820 quo
545 1744 668 1802 maxime
689 1761 738 1804 res
757 1752 931 1804 verteretur.
976 1743 1008 1803 ld
1030 1745 1055 1804 si

65 1827 300 1906 quisqcnerolem
311 1827 518 1904 qaaestionem
526 1825 575 1884 vel
583 1834 676 1904 copul
684 1827 831 1905 pencrolc
839 1826 938 1886 dicere
948 1826 1054 1886 malet:

63 1927 116 1970 cun
129 1911 187 1972 hoc
206 1909 281 1970 mihi·
291 1926 349 1970 non
364 1911 419 1969 erit
433 1926 547 1988 pugna,
568 1923 625 1968 non
640 1911 748 1986 tnagis,
769 1926 853 1987 quam
870 1910 895 1968 si
912 1909 990 1975 aliud
1005 1909 1055 1968 ad·

62 1992 126 2071 huc,
149 2011 207 2072 quo
223 1993 302 2056 idem
316 1989 508 2070 intelligatur,
529 1993 591 2057 eius
607 1993 650 2052 rei
665 2009 770 2055 nomen
784 1993 941 2068 invenerit,
966 2010 1054 2072 quan-

60 2094 135 2154 quam
153 2087 214 2138 tota
226 2076 373 2136 volumina
385 2078 414 2134 in
427 2075 501 2139 hanc
517 2075 739 2154 disputationem
755 2077 931 2155 impendisse
948 2077 1054 2136 multos

60 2163 154 2230 sciam
176 2159 264 2221 nohis
280 2169 416 2220 statum
433 2159 489 2220 dici
504 2159 611 2238 placet.
643 2160 703 2220 Sed
718 2178 782 2219 cum
799 2162 827 2220 in
843 2160 906 2220 aliis
923 2159 1097 2220 omnibusta

60 2244 127 2304 iuter
141 2247 308 2324 scriptores
322 2260 428 2304 summa
450 2242 593 2320 dissensio
612 2252 672 2319 est,
693 2252 751 2303 tum
772 2245 800 2301 in
822 2243 879 2302 hoc
895 2245 1054 2321 praecipue

60 2327 167 2388 videtur
183 2327 255 2387 mihi
276 2327 398 2388 studium
416 2343 533 2405 quoque
553 2325 668 2386 diversa
684 2325 814 2391 tradendi
836 2326 945 2395 luisse;
968 2325 1054 2400 adeo,

60 2428 108 2470 uec
125 2414 190 2491 quis
206 2427 343 2472 numerus
360 2427 415 2470 nec
437 2428 512 2489 quae
532 2411 661 2486 nomina,
687 2411 772 2488 quive
793 2408 949 2486 generales
969 2411 1055 2488 quive

21 2496 201 2638 'speciales
217 2495 396 2569 sinistans,
421 2495 564 2554 conuenit.

137 2578 184 2638 Ac
200 2579 324 2657 primurn
340 2577 573 2637 Aristoteles
594 2577 783 2637 elementa
805 2576 930 2636 decem
949 2577 1054 2636 consti·
1063 2585 1096 2638 23

21 2549 123 2738 Ιιιιίι,
145 2665 228 2724 circa
250 2678 325 2738 quae
344 2663 456 2721 versari
477 2661 609 2722 videatur
629 2663 720 2720 omnis
744 2661 887 2737 quaestio.
931 2649 1055 2758 Ouelpa,

62 2761 138 2820 quarn
159 2745 281 2806 Plautus
302 2745 464 2806 carentium
482 2753 586 2819 vocat,
609 2762 705 2822 neque
727 2761 798 2802 sane
822 2742 899 2804 aliud
923 2752 969 2800 est
994 2745 1056 2802 eius

62 2843 160 2889 nomen
174 2828 321 2896 Latinum;
340 2827 393 2887 sed
410 2845 445 2888 ea
461 2828 618 2906 quaeritur,
633 2845 671 2886 an
685 2824 742 2886 sit‘l
771 2824 955 2900 Qualitatem,
976 2825 1056 2884 cuius

21 2903 25 2968 't
61 2922 174 2986 apertus
189 2910 358 2972 intellectus
378 2919 434 2971 est.
470 2910 693 2986 Quantitatem‚
702 2927 776 2990 quae
797 2908 951 2987 dupliciter
971 2925 1056 2987 apo·

21 2985 231 3058 ·steriorihus
254 2994 346 3056 divisa
366 3003 427 3070 est,
451 3012 534 3073 quam
556 3011 688 3072 magnum
711 3002 740 3053 et
761 3011 845 3070 quam
862 2991 982 3052 multum
998 2988 1056 3051 sit?
1109 2992 1116 3003 ”

21 3063 23 3144 Ξ
65 3073 105 3135 tt
124 3078 249 3156 aliquid,
271 3078 347 3138 unde
369 3077 453 3138 ducta
476 3087 520 3138 est
540 3078 689 3138 translatio
711 3086 740 3136 et
762 3077 948 3154 comparatio
985 3074 1056 3134 Post
1064 3087 1098 3140 24

21 3155 77 3216 t
116 3161 209 3222 cUhi
236 3169 265 3220 et
286 3160 424 3234 Quando;
445 3160 548 3221 deinde
571 3161 702 3236 Facere,
724 3159 801 3236 Pati,
823 3158 955 3233 Habere,
978 3157 1056 3236 qnod

65 3247 458 3322 incommunicato,
481 3246 616 3304 vestitum
637 3261 714 3304 esse.
747 3243 911 3303 Novissime
927 3245 1055 3316 κεῖσθαι,

21 3389 23 3406 ,
21 3341 77 3401 ·q
121 3327 200 3388 dest
216 3331 406 3406 compositum
421 3345 488 3389 esse
507 3328 630 3406 quodam
650 3328 753 3404 modo,
775 3334 806 3385 ut
826 3325 943 3400 calere,
966 3332 1055 3398 stare,

21 3407 25 3480 l
66 3406 77 3464 i
122 3412 157 3470 oi.
196 3411 256 3472 Sed
276 3429 313 3472 ex
328 3411 372 3471 his
390 3411 519 3472 ornnihns
538 3414 628 3490 prima
650 3419 785 3494 quattuor
800 3409 835 3469 ad
858 3415 949 3468 status
968 3407 1055 3486 perti·

21 3685 23 3708 ι

21 3717 23 3750 l

21 3807 64 3919 t-
