2494 3952
374 205 1086 280 msu.onsuoo.n1n.x,e.175

77 365 210 468 Namque
232 364 298 441 illa,
322 381 397 464 puae
412 300 480 443 ipsa
500 364 663 442 delectant,
686 383 813 426 necesse
837 375 882 426 est
902 378 1026 429 avocent
1047 369 1084 429 ab

78 451 239 511 intentione
257 449 355 528 operis
371 447 513 509 destinati.
541 447 644 527 Neque
659 450 733 509 enim
748 467 781 508 se
795 448 977 510 bonafidem
995 453 1083 512 multa

77 532 162 594 simul
178 531 328 594 intendere
345 532 453 591 animus
470 539 560 591 totum
578 539 686 610 potest,
705 540 735 592 et
750 549 923 612 quocunque
940 537 1082 614 respexit.

7 693 8 696 Ἴ
77 616 184 677 desinit
203 615 306 676 intueri
324 613 401 693 quod
416 616 598 693 propositum
614 624 685 676 erat.
718 614 816 690 Quare
834 617 969 677 silvarum
986 635 1081 678 amoe·
1089 631 1126 683 tt

76 700 152 760 nitas
167 707 197 759 et
211 697 455 777 praeterlabentia
471 697 584 758 flumina
607 707 637 758 et
655 699 828 776 inspirantes
844 701 930 760 ramis
946 700 1081 761 arborum

77 800 166 843 aurae
181 782 390 859 volucrumque
409 790 508 842 cantus
525 791 554 840 et
575 783 638 860 ipsa
657 781 716 842 late
732 783 981 861 circumspiciendi
994 783 1080 844 liber·

7 899 8 906 1
76 875 122 926 tas
144 864 226 926 adse
243 864 372 932 trabunt;
392 873 423 924 nt
443 863 510 924 mibi
534 866 680 924 remittere
695 865 791 943 potius
808 865 943 944 voluptas
963 869 1017 927 ista
1039 869 1080 927 ui-

7 971 8 1018 t
76 949 180 1011 deatur
200 948 406 1026 cogitationem
428 965 512 1026 quam
536 948 697 1030 intendere.
732 947 945 1010 Demosthenes
967 951 1127 1025 meliosus

7 1071 8 1074 κ
76 1033 126 1111 qui
142 1049 175 1092 se
189 1033 217 1091 in
234 1032 346 1107 locum,
370 1048 408 1090 ex
424 1048 481 1109 quo
497 1030 574 1092 nulla
590 1032 719 1093 exaudiri
743 1049 802 1090 vox
824 1041 853 1092 et
874 1051 912 1092 ex
934 1050 990 1111 quo
1011 1033 1080 1094 nibil

7 1167 8 1174 ,
74 1116 205 1194 prospici
221 1123 334 1193 posset,
350 1113 538 1191 recondebat,
554 1124 592 1174 no
608 1115 685 1176 aliud
701 1132 791 1192 agere
802 1125 927 1176 mentem
939 1127 1080 1193 cogerent

7 1207 8 1222 *
75 1198 163 1258 oculi.
195 1198 326 1276 ideoque
342 1197 527 1259 lucubrantes
540 1198 683 1258 silentium
698 1199 792 1258 noctis
808 1207 837 1258 et
856 1198 984 1261 clausum
1000 1200 1079 1260 cubi·

7 1281 10 1288 '
75 1282 170 1342 culum
187 1290 217 1341 et
232 1281 328 1341 lumen
343 1299 428 1341 uuum
443 1277 523 1341 uelut
544 1289 640 1341 tectos
657 1282 780 1341 maxime
796 1290 903 1342 teneat.
940 1281 998 1342 Sed
1019 1293 1125 1348 cambo

7 1361 8 1366 ’
74 1368 103 1424 in
119 1365 194 1424 omni
209 1364 366 1424 studiorum
388 1383 498 1442 genere
524 1373 583 1424 tum
601 1365 629 1424 in
650 1363 707 1424 boc
728 1366 887 1443 praecipue
909 1365 984 1425 bona
998 1366 1077 1425 vale-

26 1515 31 1524 ,
74 1448 163 1524 tudo,
186 1465 320 1527 quaeque
344 1465 407 1507 eam
422 1449 543 1509 maxime
561 1457 704 1527 praestat,
728 1448 894 1525 frugalitas,
911 1451 1079 1509 necessaria

7 1595 8 1598 ,
74 1540 138 1600 est;
155 1549 219 1591 cum
234 1534 365 1609 tempora
381 1530 416 1590 ab
431 1531 494 1610 ipsa
511 1549 607 1591 rerum
623 1540 722 1591 natura
740 1530 775 1591 ad
796 1533 925 1610 quietem
939 1531 1077 1592 reiectio·

7 1639 9 1658 ³
72 1631 198 1693 nemque
212 1614 296 1674 nobis
308 1614 382 1674 data
403 1616 432 1674 iu
452 1616 620 1675 acerrimum
635 1613 764 1675 laborem
790 1616 994 1675 convertimus.
1025 1613 1078 1675 Cui

7 1727 8 1730 ι
72 1707 169 1758 tamen
183 1713 241 1757 non
256 1697 323 1776 plus
336 1697 520 1776 irrogandum
542 1706 587 1757 est
605 1715 688 1775 quam
705 1696 782 1776 quod
798 1715 898 1773 somno
921 1701 1077 1778 supererit,

73 1780 149 1841 baud
161 1781 263 1840 deerit.
292 1780 395 1841 Obstat
410 1781 484 1840 enim
496 1780 662 1858 diligentiae
674 1780 819 1840 scribendi
838 1783 923 1841 etiam
935 1782 1119 1858 fatigatio,2t
1155 1831 1157 1834 v

7 1927 9 1936 ,
73 1872 105 1924 et
121 1863 249 1940 abunde,
266 1865 291 1923 si
306 1873 408 1939 vacet,
425 1864 499 1924 lucis
514 1864 606 1941 spatia
622 1863 783 1939 sufiiciunt,
804 1872 965 1942 occupatos
981 1867 1009 1923 in
1026 1882 1076 1923 not

7 1951 9 2000 ἱ
73 1956 149 2008 ctam
161 1949 322 2008 necessitas
338 1949 406 2025 agit.
437 1945 492 2007 Est
506 1955 601 2007 tamen
618 1945 796 2022 lucubratio,
814 1947 948 2025 quotiens
963 1947 999 2012 ad
1015 1965 1078 2006 eam

71 2028 183 2108 integri
193 2049 227 2092 ac
244 2031 349 2090 reiecti
365 2031 505 2106 venimus,
523 2030 659 2108 optimum
673 2031 780 2089 secreti
793 2048 896 2107 genus.

7 2149 8 2154 κ
158 2114 216 2174 Sed
239 2114 382 2173 silentium
405 2123 435 2174 ct
463 2130 600 2174 secessus
624 2121 653 2172 et
671 2113 797 2193 undique
824 2111 898 2173 liber
918 2114 1025 2173 animus
1047 2121 1121 2178 utus

7 2201 8 2204 ’
70 2207 139 2258 sunt
160 2199 281 2257 maxime
305 2197 447 2276 optanda,
474 2198 512 2257 ita
530 2212 588 2256 non
610 2214 727 2275 semper
750 2205 871 2275 possunt
895 2196 1076 2274 contingere,

70 2282 199 2358 ideoque
221 2297 279 2341 non
299 2282 411 2357 statim,
437 2282 462 2339 si
489 2280 556 2358 guid
582 2279 749 2358 obstrepet,
778 2279 931 2340 abiiciendi
958 2277 1076 2340 codices
1153 2287 1157 2291 “

7 2373 9 2378 “
70 2373 156 2424 erunt
171 2373 200 2424 et
215 2364 410 2443 deplorandus
430 2363 508 2432 dies;
529 2380 629 2423 verum
651 2362 838 2423 incommodis
860 2349 1077 2461 repugnandum

7 2519 8 2526 ι
71 2457 102 2507 et
120 2447 167 2508 bic
183 2448 333 2508 faciendus
360 2466 446 2523 naun,
471 2455 502 2506 ut
525 2447 618 2507 omnia
642 2465 716 2547 quae
738 2445 894 2526 impedient
915 2447 1012 2506 vincat
1035 2446 1075 2504 in·

7 2539 9 2602 ,
69 2532 177 2600 tentio;
195 2532 316 2608 quamsi
332 2538 392 2591 tota
407 2531 527 2590 mente
519 2548 547 2590 ru
562 2546 637 2609 opus
652 2533 745 2608 ipsum
763 2528 1007 2592 direxerisznibil
1026 2546 1075 2588 eo·

7 2623 9 2634 ’
70 2632 146 2689 rum,
163 2631 237 2692 quae
256 2612 348 2674 oculis
363 2614 412 2675 vel
427 2613 544 2674 auribus
561 2614 718 2688 incursant,
734 2612 769 2673 ad
781 2613 902 2674 animum
913 2613 1074 2690 perveniet.
1090 2643 1091 2650 ι

69 2698 118 2757 An
132 2714 204 2756 uero
222 2697 391 2776 frequenter
412 2699 497 2757 etiam
514 2697 631 2757 fortuita
652 2695 709 2757 boo
725 2696 864 2773 cogitatio
880 2703 1026 2772 praestat,
1046 2703 1120 2758 nttb

69 2780 177 2840 obvios
193 2798 250 2840 non
264 2779 412 2841 rideamus
429 2789 458 2840 et
473 2781 576 2840 itinere
591 2779 773 2840 deerremns:
793 2794 851 2837 non
863 2793 1076 2855 consequemur

67 2861 164 2940 idem,
180 2865 205 2923 si
221 2873 250 2924 et
263 2860 461 2924 voluerimus?
499 2861 566 2923 Nou
591 2870 636 2922 est
655 2860 858 2938 indulgendum
882 2863 976 2920 causis
998 2860 1074 2920 desi·

67 2947 147 3011 diae
177 2945 248 3008 Nam
264 2949 289 3006 si
303 2948 415 3007 nonnisi
408 2946 540 3024 relecti,
552 2944 664 3006 nonnisi
657 2944 797 3021 hilares,
815 2944 928 3004 nonnisi
944 2937 1074 3004 omnibus

66 3029 135 3090 aliis
159 3032 236 3090 curis
255 3039 393 3091 vacantes
420 3028 591 3090 studendum
614 3028 851 3090 existimarimus:
878 3045 995 3106 semper
1020 3027 1075 3086 erit

65 3109 296 3212 propterquod
322 3113 435 3174 nobis
427 3129 620 3190 ignoscamus.
665 3111 793 3187 Quare
783 3130 812 3171 ιι
833 3109 932 3186 turba,
957 3111 1118 3184 itinere,3o

66 3197 212 3258 conviviis
242 3198 328 3258 etiam
354 3197 441 3258 iaciat
465 3195 521 3256 sibi
547 3197 685 3274 cogitatio
711 3195 774 3274 ipsa
802 3204 956 3255 secretum.
998 3191 1074 3267 Quid

66 3279 181 3380 ιΙῑοιιιιί
196 3279 262 3360 bet,
283 3297 346 3340 cnm
363 3281 392 3340 in
406 3279 502 3340 medio
511 3279 603 3355 .‚ioro
624 3288 668 3338 tot
685 3276 934 3339 circumstantibus
949 3274 1073 3350 iudiciis,

64 3364 190 3440 iurgiis,
205 3362 330 3424 lortuitis
347 3363 433 3424 etiam
450 3323 640 3439 clamoribds,
660 3363 716 3422 erit
735 3360 830 3422 subito
852 3360 984 3420 continua
1009 3374 1073 3418 ora·

64 3448 150 3507 tione
174 3445 341 3526 dicendum,
363 3448 389 3508 si
403 3445 576 3526 particulas,
592 3463 664 3524 quas
679 3445 756 3506 ceris
770 3443 949 3521 mandamus,
969 3441 1024 3516 nisi
1044 3440 1075 3500 in
