2494 3952
185 205 245 270 164
500 220 536 269 ιι.
550 219 628 268 usn.
643 218 864 280 cumutamus

181 373 326 434 astrictius
344 373 390 433 hic
405 373 501 450 latius,
517 382 626 454 pugnat
640 371 690 434 ille
709 375 839 434 acumine
858 391 976 452 semper
990 374 1037 435 laic
1049 376 1221 476 trequen-

181 465 226 516 ter
242 466 271 516 et
287 455 428 535 pondere,
444 457 486 517 illi
500 457 569 518 nihil
586 456 697 517 detrahi
710 466 811 536 potest
826 457 892 517 huic
905 458 974 518 nihil
986 459 1082 535 adiici,
1103 479 1194 523 curas

124 539 276 638 1otplqs'
268 557 295 598 ru
311 540 387 600 illo
380 559 406 599 ur
424 540 480 602 hoc
495 550 624 602 naturae.
657 540 772 600 Salihus
785 549 866 601 certe
883 550 913 600 et
926 544 1194 622 commiseratione,

108 621 112 630 “
182 624 230 701 qui
251 623 308 683 duo
336 624 487 702 plurimum
519 624 641 684 allectus
667 624 781 699 valent,
807 625 958 684 vincimus.
997 623 1035 684 Et
1062 627 1196 689 sortasse

182 706 318 786 epilogos
347 707 389 767 illi
416 726 479 768 mos
506 709 630 768 civitatis
663 706 828 776 abstulerit;
864 707 917 767 sed
949 715 978 767 et
1009 708 1095 770 uobis
1129 713 1196 788 illa,
1237 715 1238 762 ἰ

183 806 256 868 quoe
279 791 367 850 Attici
391 793 542 866 mirantur,
569 791 684 850 diversa
706 789 796 850 Latini
829 791 971 850 sermonis
996 795 1070 852 ratio
1098 797 1197 856 minus

181 875 355 952 permiserit.
392 873 424 934 ln
445 874 579 953 epistolis
601 873 732 951 quidem,
755 891 917 953 quanquam
938 882 1003 933 sunt
1026 877 1196 956 utriusque,

124 956 361 1034 roodialogtsve,
379 957 482 1035 quibus
502 957 572 1017 nihil
589 957 658 1031 ille,
675 956 753 1020 nulla
770 960 917 1018 contentio
933 966 988 1016 est.
1022 955 1199 1024 Cedendum

180 1057 252 1101 veno
268 1043 296 1100 in
310 1040 378 1116 hoc,
397 1041 474 1119 quod
490 1050 520 1100 et
537 1041 617 1120 prior
629 1040 681 1100 luit
696 1049 725 1100 et
741 1058 778 1099 ex
793 1059 897 1119 magua
909 1050 991 1119 parte
1005 1039 1197 1122 Ciceronem,

182 1132 304 1202 quantus
318 1133 373 1200 est,
388 1123 468 1184 lecit.
491 1122 562 1184 Nam
574 1124 641 1184 milri
656 1121 819 1184 videturll.
832 1124 956 1200 tollius,
974 1143 1083 1186 curuse
1099 1136 1199 1189 totum

183 1207 241 1268 ad
233 1209 418 1269 imitationem
435 1207 612 1268 Graecorum
628 1207 815 1284 contulisset,
842 1207 992 1268 effinxisse
1009 1211 1066 1268 uim
1082 1208 1197 1272 Demo·

124 1290 309 1368 109stl1enis‚
333 1293 447 1372 copiam
461 1291 605 1367 Platonis,
625 1289 829 1351 iucunditatem
846 1289 993 1351 isocratis.
1033 1291 1097 1352 Nec
1118 1313 1198 1355 vero

182 1376 260 1453 quod
276 1377 304 1434 in
321 1391 438 1455 quoqne
454 1376 591 1454 optimum
608 1375 676 1449 luit,
702 1372 796 1434 studio
814 1384 989 1434 consecutus
1006 1384 1052 1434 est
1067 1386 1196 1448 tantum;

183 1459 236 1519 sed
254 1459 391 1537 plurimas
408 1459 458 1518 vel
473 1459 569 1537 potius
586 1475 686 1517 omnes
707 1476 745 1516 ex
759 1475 792 1518 se
808 1458 873 1536 ipso
886 1459 1007 1518 virtutes
1021 1461 1126 1520 extulit
1142 1463 1197 1522 im·

182 1542 310 1602 mortalis
333 1542 440 1619 ingenii
462 1541 628 1602 beatissima
649 1539 777 1601 ubertas
817 1539 882 1602 Non
906 1542 978 1602 enim
999 1543 1143 1621 placius,
1163 1554 1198 1606 ut

182 1626 220 1684 uit
234 1625 372 1686 Pindarus
381 1641 508 1703 ,oquae
525 1625 636 1704 collipit
657 1626 714 1685 sed
728 1626 795 1686 oioo
809 1627 930 1704 purpite
945 1628 1094 1703 eouodot,
1112 1627 1196 1688 dono

74 1723 80 1734 ·
184 1709 307 1792 quodam
325 1669 525 1788 providentiae
542 1710 674 1786 genitus,
697 1710 725 1767 in
749 1726 806 1786 quo
834 1717 910 1769 totas
932 1709 1010 1768 vires
1031 1727 1099 1770 suas
1128 1711 1195 1772 elo·

125 1794 299 1869 lloquentia
320 1795 512 1872 experiretur.
552 1791 624 1852 Nam
644 1793 708 1870 quis
730 1791 840 1852 docere
861 1792 1042 1869 diligentius,
1068 1810 1194 1855 movere

183 1876 382 1938 vehementius
404 1874 522 1955 potest?
565 1875 617 1936 Oui
646 1884 723 1936 tanta
749 1893 872 1954 unquam
897 1875 1058 1936 iucunditas
1085 1875 1193 1938 alluiti

183 1962 239 2020 ut
230 1979 293 2039 rpsa
310 1960 374 2037 illa,
391 1978 466 2041 quae
483 1968 654 2037 extorquet,
674 1960 830 2037 impetrare
848 1977 913 2019 eum
929 1959 1049 2035 credas,
1075 1970 1104 2020 et
1128 1980 1193 2022 cum

182 2052 377 2104 transuersum
392 2045 421 2103 ui
438 2062 490 2104 sna
509 2044 632 2104 iudicem
648 2042 736 2102 ierat:
759 2042 923 2102 tamenille
940 2059 997 2102 non
1013 2045 1077 2122 napi
1092 2045 1192 2106 ridea-

126 2133 174 2184 111
183 2135 228 2186 tor
245 2128 297 2188 sed
314 2127 407 2206 sequi.
442 2126 502 2188 lam
524 2128 553 2186 in
568 2125 710 2202 omnibus,
733 2143 807 2205 quae
823 2126 908 2202 dicit,
931 2135 1007 2186 tanta
1030 2130 1191 2188 auctoritas

183 2213 275 2287 inest,
298 2209 328 2271 ut
349 2210 503 2270 dissentire
523 2210 652 2289 pudeat,
670 2227 724 2269 nec
745 2210 878 2271 advocati
901 2210 1023 2270 studium
1039 2211 1093 2271 sed
1106 2215 1191 2272 testis

183 2303 231 2354 aut
246 2294 347 2355 iudicis
364 2295 466 2354 alienat
483 2293 584 2361 iidem:
611 2301 675 2353 com
698 2295 809 2353 interim
830 2292 1031 2369 haecomnia,
1050 2312 1128 2372 quae
1143 2297 1193 2354 uix

183 2377 296 2455 singula
319 2379 468 2457 quisquam
491 2378 680 2437 intentissima
704 2393 772 2436 cura
795 2378 936 2454 consequi
958 2387 1076 2456 posset,
1101 2377 1193 2440 llunnt

182 2460 346 2535 illaborata,
363 2470 392 2520 et
407 2460 467 2534 illa,
485 2479 539 2538 qua
551 2459 620 2520 nilril
632 2459 779 2539 pulchrius
793 2459 919 2520 auditum
934 2469 989 2535 est,
1008 2463 1103 2522 oratio
1119 2481 1191 2541 prae

126 2557 216 2611 mse
232 2545 288 2604 lert
304 2553 398 2604 tamen
423 2543 618 2603 felicissimam
637 2544 817 2604 facilitatem.
853 2543 951 2618 Quare
968 2561 1025 2604 non
1047 2547 1191 2606 immerito

182 2628 220 2689 ab
247 2627 407 2689 hominihus
437 2629 539 2696 aetatis
565 2645 634 2687 suae
659 2646 793 2706 reparare
814 2630 846 2688 ιἰι
866 2629 990 2689 iudiciis
1016 2629 1109 2690 dictus
1137 2639 1192 2704 est,

185 2712 260 2792 apud
276 2721 411 2791 posteros
428 2729 500 2772 uero
517 2711 545 2773 id
560 2719 746 2788 consecutus,
760 2719 791 2771 nt
807 2708 913 2771 Cicero
928 2713 983 2771 iam
998 2729 1056 2772 uon
1067 2713 1192 2774 hominis

184 2813 289 2857 nomen
318 2796 370 2857 sed
391 2796 575 2875 eloquentiae
597 2793 745 2856 habeatur.
791 2793 873 2854 llunc
895 2795 982 2872 igitur
1000 2796 1191 2873 'spectemus

185 2879 242 2940 lroc
258 2881 439 2957 propositum
453 2879 536 2940 nobis
551 2881 588 2939 sit
604 2878 783 2957 exemplum,
807 2877 857 2937 ille
875 2895 908 2938 se
925 2879 1089 2958 proiecisse
1106 2881 1192 2953 sciat,

128 2970 177 3024 113
185 2963 231 3023 cni
247 2959 352 3022 Cicero
371 2963 456 3023 valde
472 2962 610 3042 placebit.
647 2960 736 3023 Multa
758 2963 788 3020 iu
810 2962 940 3021 Asinio
956 2959 1131 3024 Pollione
1152 2965 1192 3022 in·

185 3047 299 3122 ventio,
317 3064 423 3106 summa
438 3046 603 3124 diligentia
625 3046 698 3105 adeo
714 3055 744 3104 ut
760 3043 929 3124 quibusdam
944 3047 1028 3107 etiam
1045 3048 1131 3107 nimia
1152 3047 1189 3106 vi·

186 3132 305 3206 dentur,
330 3140 360 3189 et
381 3129 494 3190 consilii
513 3129 743 3196 stanimisatis;
767 3129 1128 3192 anitoreetiucnuditate
1147 3128 1193 3190 cr·-
1235 3188 1242 3205 ,

187 3215 302 3275 ceronis
320 3214 358 3272 ita
374 3212 462 3290 longe
481 3210 579 3287 abest
602 3221 633 3272 ut
654 3213 746 3274 videri
768 3213 862 3291 possit
880 3213 1001 3274 saeculo
1022 3215 1113 3293 prior
1155 3213 1194 3272 At
1233 3224 1240 3275 t

186 3296 348 3357 llessala
369 3296 474 3357 nitidus
499 3304 529 3356 et
545 3297 682 3356 candidus
706 3304 735 3356 et
749 3297 959 3396 quodammodo
976 3297 1175 3376 praeferens
1166 3290 1243 3356 nni

75 3423 81 3434 .
128 3378 616 3455 llldicendonobilitatemsuam,
638 3378 863 3439 viribusminor.
900 3378 933 3440 C.
955 3398 1026 3441 vero
1051 3376 1243 3474 caesar]

189 3482 213 3524 sn
206 3463 293 3522 loro
306 3470 412 3524 tantum
422 3473 568 3542 vacasset,
586 3480 643 3524 non
654 3463 727 3525 alins
740 3481 777 3525 ex
787 3465 894 3525 nostris
907 3472 1006 3526 contra
1018 3461 1197 3525 Ciceronem
1241 3479 1243 3580 p
