2436 3956
199 189 239 249 62
510 198 872 258 rr.rnrr.aurrrrru1nu1

198 363 264 414 ante
280 369 360 412 suum
378 354 501 430 quisque
516 352 692 429 praedonem
706 347 831 412 datenati
846 361 877 411 et
893 362 995 413 conata
1009 353 1127 412 retinere
1140 351 1172 408 in·

197 437 302 497 fantem
318 451 398 495 suum
410 444 501 494 mater
516 443 560 510 et,
585 434 676 494 sicubi
690 435 780 494 maius
794 434 904 495 luorum
922 444 983 513 est,
1007 453 1100 514 pugna
1113 436 1174 492 inter

196 521 335 579 victores.
380 517 462 578 Licet
483 520 558 578 enim
587 517 661 578 haee
688 518 797 592 omnia,
822 527 855 577 ut
883 518 956 594 dixi,
984 519 1174 597 complectatur

156 605 328 678 loeuersm,
347 603 436 662 minus
453 611 498 660 est
513 612 608 661 tamen
623 609 713 660 totum
728 600 827 660 dieere
842 618 926 678 quarn
942 603 1044 662 omnia.
1081 598 1172 660 Conse·

202 703 321 764 quemur
341 695 451 760 autern,
473 694 503 744 ut
523 685 673 744 manifesta
696 685 768 759 sint,
791 685 815 742 si
836 684 943 744 luerint
962 685 1137 750 verisimilia;
1152 689 1174 740 et

197 770 298 830 licebit
319 771 404 830 etiarn
426 768 502 827 laiso
525 768 665 845 allingere
683 766 819 845 quidquid
841 767 904 826 lieri
921 769 1007 828 solet.
1039 765 1174 841 Continget

199 855 299 916 eadem
317 853 432 912 claritas
449 852 587 911 etiamen
605 849 816 910 assidentibus:

550 968 592 977 -
609 931 685 994 Mtte·
695 934 832 1013 stipidum
845 934 955 996 norror

271 1017 409 1079 Membra
424 1019 529 1095 quatit,
544 1016 723 1096 peliduepue
738 1018 797 1078 coit
815 1017 983 1095 formidine?
993 1019 1124 1097 rumperis.

278 1217 321 1231 -ω
339 1181 492 1264 Trepidue
511 1191 626 1246 matres
643 1202 787 1264 pressere
808 1183 854 1244 ad
869 1190 999 1262 pectora
1012 1193 1109 1247 natue.

153 1279 186 1336 71
197 1271 293 1349 Atque
308 1271 391 1330 huius
407 1283 549 1342 summae,
572 1267 678 1328 iudicio
695 1266 809 1345 quidem
825 1283 907 1343 meo,
930 1269 1045 1327 virtutis
1060 1266 1177 1328 facillime

199 1364 243 1413 est
257 1357 314 1413 ria.
354 1352 489 1411 Naturam
510 1353 683 1428 iutueamur,
707 1351 782 1410 hane
803 1367 964 1427 sequamur.
1014 1349 1109 1412 Omnis
1128 1349 1168 1409 sla

199 1438 314 1514 quentia
331 1436 407 1494 cirea
424 1451 514 1513 opera
532 1435 609 1495 vitae
625 1443 685 1510 est,
708 1433 744 1493 ad
760 1452 793 1493 se
808 1434 899 1493 reiert
914 1433 1040 1512 quisque
1057 1452 1127 1512 quae
1140 1449 1176 1492 au·

197 1520 247 1595 dit,
265 1529 295 1577 et
310 1517 338 1577 id
349 1517 487 1576 iaeillime
503 1519 648 1595 accipiunt
665 1517 759 1592 animi,
776 1517 853 1594 quud
871 1527 1045 1593 agnoscunt.

55 1657 57 1660 .
153 1609 188 1664 ta
282 1599 437 1660 Praeclare
464 1615 536 1659 vero
563 1601 602 1660 ad
625 1599 802 1660 inferendam
827 1599 915 1660 relrus
942 1600 1040 1660 lusam
1061 1608 1178 1679 repertae

197 1693 264 1744 suut
283 1684 573 1752 similitudines;
601 1701 719 1762 quarum
735 1684 808 1743 aliae
826 1691 907 1758 sunt,
926 1700 1002 1762 quae
1017 1681 1178 1763 probationis

196 1770 289 1847 gratia
309 1768 383 1826 inter
398 1776 564 1844 argumenta
583 1776 743 1846 ponuntur,
766 1768 842 1826 aliae
861 1765 897 1826 ad
917 1769 1128 1845 exprimendam
1143 1780 1177 1824 re·

104 1923 108 1928 ¹
195 1869 257 1912 rum
274 1852 425 1928 imaginem
440 1852 635 1928 compositae,
658 1850 735 1929 quod
750 1859 795 1910 est
811 1850 894 1910 lruius
912 1850 971 1910 loei
987 1853 1146 1930 proprium:

101 1941 103 1946 '
195 2017 219 2078 Ε
321 1967 363 1978 -
377 1927 456 1996 lude
471 1931 537 2014 lupi
545 1953 609 1996 *eeu
624 1933 776 2010 deplores
794 1943 867 1994 utra
887 1935 920 1994 ira
938 1935 1066 2000 inerma.

221 2027 232 2076 l

294 2133 336 2144 -
348 2096 408 2162 Aur·
421 2101 548 2170 similem
563 2117 644 2179 quae
660 2101 778 2160 ciream
792 2101 901 2176 litora,
918 2098 1038 2162 circum
1102 2113 1106 2128 ·

293 2181 433 2247 Piscator
452 2186 593 2263 scopulos
609 2184 729 2245 tanate
742 2184 824 2244 volut
839 2200 976 2262 aeptmru
993 2188 1093 2247 sumtu.

154 2274 187 2330 73
195 2266 260 2340 Quo
281 2268 309 2326 in
324 2283 434 2343 genere
453 2266 548 2327 idest
562 2269 720 2346 praecipue
740 2267 974 2342 custodiendum,
996 2269 1095 2344 naid,
1117 2260 1184 2345 quud·

197 2349 388 2409 similitudinis
405 2351 498 2426 gratia
514 2351 683 2426 ascivimus,
706 2359 754 2410 aut
769 2349 924 2410 obseurum
939 2352 977 2410 sit
992 2361 1043 2411 aut
1058 2353 1176 2430 ignotum.

196 2431 294 2491 Debet
309 2433 398 2507 enim,
427 2431 504 2509 quod
519 2431 707 2493 illustrandae
728 2434 847 2493 alterius
864 2433 908 2492 rei
922 2436 1016 2511 gratia
1033 2434 1177 2501 assumitur,

196 2516 290 2592 ipsum
313 2529 381 2574 esse
398 2514 504 2574 clarius
522 2532 569 2591 eo,
587 2518 664 2594 quod
679 2516 827 2576 illuminat.
854 2515 952 2589 Quare
967 2520 1066 2596 poetis
1082 2513 1179 2596 quidem

195 2598 391 2678 permittamus
412 2599 551 2659 eiusmodi
567 2599 715 2679 exempla:

282 2680 405 2757 Qualia,
421 2683 475 2744 udi
491 2683 650 2744 liberaum
667 2681 793 2762 Lyciam
807 2681 982 2761 Xanthique
995 2679 1111 2762 fluenta

279 2763 403 2826 Deserit
420 2774 475 2826 aut
487 2764 597 2828 Delum
611 2776 781 2828 maternum
796 2760 914 2842 invisit,
937 2764 1053 2846 Apollo.

155 2845 262 2911 llNon
282 2849 357 2906 idem
373 2857 518 2908 oratorem
534 2849 666 2925 decebit,
687 2859 718 2908 ut
740 2849 863 2910 occultis
881 2859 981 2928 aperta
1005 2850 1179 2911 demonstret.

197 2930 256 2990 Sed
272 2929 342 2989 illud
361 2945 494 3010 queque,
512 2931 549 2992 ds
564 2949 622 3011 qno
640 2935 667 2991 in
686 2933 859 3009 argumentis
876 2932 1013 3010 diximus,
1036 2926 1178 2994 similitudi·

196 3015 240 3072 nis
257 3029 349 3090 genus
365 3025 447 3075 ornat
462 3017 620 3075 orationem
642 3016 769 3093 facitque
786 3034 849 3076 eam
864 3015 1029 3093 sublimem,
1052 3013 1177 3080 floridam,

195 3097 356 3174 iucundam,
377 3098 545 3158 mirabilem.
584 3099 655 3158 Nam
672 3114 730 3177 quo
746 3116 878 3177 quaeque
899 3101 1013 3178 longius
1029 3100 1117 3178 petita
1133 3098 1176 3162 etl

156 3181 253 3244 75lruc
270 3181 336 3258 plus
360 3181 444 3240 affert
464 3183 599 3240 novitatis
622 3190 708 3262 atque
729 3184 912 3261 inexpectata
935 3185 1025 3260 magis
1047 3190 1100 3242 est.
1135 3173 1177 3235 llll

195 3264 327 3340 vulgaria
353 3263 486 3323 videntur
513 3273 543 3324 et
569 3265 649 3324 utilia
675 3275 780 3325 tantuna
803 3265 838 3325 ad
862 3266 1067 3326 coneiliandam
1093 3260 1176 3322 iidem:

199 3345 237 3407 Ut
258 3355 373 3407 terrum
395 3349 478 3408 uultu
495 3349 543 3410 sie
563 3349 697 3410 urdmum
717 3351 888 3428 disciplinis
904 3349 1056 3412 meliorem
1072 3342 1174 3408 aderit

196 3445 321 3507 remque
335 3429 414 3508 fieri,
432 3439 461 3490 et
475 3439 509 3492 ut
519 3431 631 3493 medici
640 3433 819 3495 abalienata
831 3433 945 3495 morbis
956 3432 1090 3496 mentdra
1097 3439 1174 3508 prat
