2470 3962
324 187 414 236 nuso.
428 151 576 238 aaaron.
589 188 657 236 uro.
676 189 727 254 ur,
739 185 766 238 a.
985 177 1049 238 223

11 389 12 394 ι
40 343 137 406 Stetit
151 342 289 404 soleatus·
298 343 548 422 praetor-populi
557 341 704 418 Romanu,
721 340 867 402 inclinatio
883 343 1048 404 incumben-

11 467 13 472 ·
41 429 79 488 tis
95 428 125 486 in
140 424 337 487 mulierculam
351 423 453 486 Verris
469 425 634 503 effingenda
650 435 709 492 cst;
736 434 783 484 aut
799 426 827 484 in
844 425 912 500 illa,
931 423 1047 489 Coede-

41 513 138 572 batur
151 511 184 571 in
197 509 298 572 medio
313 510 383 587 soro
398 505 586 586 Messanae,
599 518 694 570 motus
712 509 847 584 laterum,
871 509 963 588 qualis
981 529 1049 570 esse

41 593 79 654 ad
95 591 224 654 verbera
240 592 317 654 solet
326 593 547 672 „torquendus
564 601 685 652 autvox
696 591 815 671 ,qualis
832 592 935 653 dolore
952 596 1071 672 cupri-⁴

12 693 13 752 f
41 679 146 751 mitur,
172 675 313 744 eruenda;
337 694 401 736 oum
420 675 487 736 mibi
509 677 643 736 comoedi
664 692 780 754 quoque
803 676 929 753 pessime
951 676 1049 737 iacere
1058 682 1090 736 91

12 805 13 808 ,
41 760 215 835 rideantur,
233 761 298 858 qui,
314 761 458 820 etiamsi
449 778 582 820 ruvenem
598 769 701 836 agant,
721 777 785 820 cum
801 760 940 818 tamenin
958 777 1049 847 expo·

11 885 12 892 ι
43 845 151 904 sitione
166 852 215 903 aut
229 845 308 903 sanis
325 859 438 918 senno,
455 845 507 903 ut
499 863 526 902 un
538 841 664 918 Hydriae
682 842 824 920 prologo,
843 851 891 901 aut
907 833 1048 920 mulieris,

11 985 12 992 ,
43 936 75 986 ut
95 928 125 986 in
141 925 280 1004 Georgo
300 923 420 1003 incidit,
441 927 562 987 tremula
582 926 631 986 vel
655 926 816 986 ellcminata
832 942 907 986 voce
923 944 1048 1004 pronun·

44 1011 127 1070 tiant.
160 1010 269 1071 Adeo'
261 1028 289 1068 m
306 1009 365 1071 illis
380 971 497 1089 quicque
515 1019 560 1070 cst
585 1011 680 1088 aliqua
695 1011 799 1070 vitiosa
815 1009 951 1086 imitatio,
977 1028 1048 1089 quo·

44 1113 109 1154 rum
125 1111 173 1152 ars
190 1096 280 1154 omnis
297 1101 410 1154 constat
426 1095 592 1153 imitatione.

133 1174 186 1235 Est
209 1185 303 1237 autem
327 1185 428 1254 gestus
451 1177 501 1238 ille
522 1179 643 1242 maxime
666 1177 839 1253 communis,
863 1193 921 1256 quo
937 1177 1091 1241 mediusltl

46 1260 154 1337 digitus
169 1261 197 1319 in
214 1260 351 1338 pollicem
369 1259 551 1340 contrahitur,
561 1259 707 1338 explicitis
723 1259 832 1337 tribus,
854 1269 884 1319 et
898 1261 1047 1340 principiis

11 1337 13 1428 J
46 1343 125 1402 utilis
148 1361 212 1404 curn
234 1343 291 1404 leni
313 1345 341 1402 in
358 1352 512 1423 utramque
537 1353 648 1422 partem
671 1352 749 1403 motu
772 1343 887 1404 modice
905 1344 1046 1424 prolatus,

11 1439 13 1490 ἴ
47 1426 133 1486 simul
148 1429 245 1505 capite
262 1435 349 1506 atque
365 1426 491 1487 humeris
508 1428 614 1488 sensim
629 1427 664 1488 ad
680 1427 719 1503 id,
736 1444 793 1506 quo
810 1444 909 1487 manus
927 1428 1046 1504 teratur,

11 1581 13 1590 Ι
46 1509 328 1579 obsecundantibus;
343 1520 372 1570 et
384 1512 411 1570 in
422 1513 563 1598 narrando
577 1521 673 1571 certus
685 1511 750 1572 dum
762 1509 849 1590 paulo
864 1511 1046 1589 productior;

47 1602 76 1654 et
92 1594 121 1652 in
135 1593 339 1672 exprobrando
358 1603 387 1653 et
402 1583 587 1673 coarguendo
604 1613 673 1655 acer
688 1605 794 1693 atque
789 1597 896 1676 instans
905 1595 1046 1673 ,longius

47 1679 122 1736 enim
147 1677 275 1755 partibus
300 1677 344 1742 his
369 1687 397 1738 et
418 1677 537 1739 liberius
564 1673 701 1738 excritur.
736 1669 862 1738 vitiose
873 1695 945 1739 vero
971 1679 1127 1744 idem93..

47 1762 191 1821 sinistrum
209 1763 290 1840 quasi
306 1761 455 1823 humerum
467 1771 569 1842 petens
585 1763 614 1820 iu
625 1762 699 1822 latus
716 1781 762 1839 agr
756 1763 866 1838 solet,
886 1779 1047 1841 quanquam

46 1845 140 1905 adbuc
157 1845 239 1922 peius
257 1845 344 1925 aliqui
361 1855 556 1906 transversum
573 1844 720 1904 brachium
737 1845 888 1923 proierunt
903 1852 933 1904 ct
950 1844 1046 1904 cubito

47 1929 240 2006 pronuntiant.
269 1928 335 1989 Duo
352 1946 468 2009 quoquc
485 1928 571 1990 medii
587 1928 640 1988 sub
657 1928 794 2008 pollicem
808 1929 940 1997 veniunt;
957 1937 987 1989 et
1001 1938 1047 1988 est

45 2011 92 2071 bio
116 2010 209 2072 adbuc
231 2014 328 2091 priore
351 2021 454 2091 gestus
481 2014 647 2089 instantior,
677 2012 820 2091 principio
842 2021 871 2072 et
891 2013 1046 2072 narrationi

45 2113 101 2154 non
123 2096 365 2157 accommodatus.
404 2096 444 2157 dt
466 2115 529 2158 cum
546 2105 605 2157 tres
621 2097 762 2156 contracti
779 2097 891 2174 pollice
913 2099 1089 2174 premun-lll

11 2229 12 2232 ,
46 2190 107 2238 tur:
124 2187 181 2237 tum
199 2178 304 2257 digitus
321 2180 388 2255 illc,
406 2198 463 2258 quo
480 2199 560 2240 usum
577 2181 684 2260 optime
698 2177 833 2240 Crassum
847 2177 953 2239 Cicero
966 2179 1045 2254 dicit,

11 2313 12 2316 ,
46 2261 188 2340 explicari
206 2263 291 2322 solet.
323 2263 352 2324 ls
368 2265 396 2324 in
413 2263 618 2344 exprobrando
637 2273 666 2324 et
681 2262 851 2339 indicando,
879 2262 954 2322 unde
973 2271 1002 2321 et
1018 2262 1046 2321 ei

45 2363 152 2405 nomen
173 2355 234 2421 cst,
258 2346 352 2417 vaiet;
375 2356 404 2408 et
419 2349 544 2409 allevata
566 2366 600 2408 ac
624 2355 776 2425 spectante
797 2346 944 2406 humerum
962 2363 1044 2405 manu

11 2445 18 2457 “
46 2429 161 2508 paulum
175 2431 326 2491 inclinatus
342 2431 479 2508 affirmat,
504 2450 607 2491 versus
623 2433 651 2490 in
666 2440 773 2491 terram
788 2439 817 2489 et
835 2431 918 2510 quasi
937 2446 1044 2507 pronus

44 2520 140 2594 urget,
157 2513 310 2592 aliquando
323 2532 376 2592 pro
389 2533 508 2575 numero
525 2525 579 2574 cst.
606 2515 687 2576 Idem
701 2513 810 2592 summo
823 2514 944 2574 articulo
957 2513 1044 2571 utrin-
1053 2515 1087 2569 95

11 2621 13 2634 ι
47 2597 102 2674 tp
125 2596 233 2657 leviter
247 2598 449 2677 apprehenso,
474 2598 587 2659 duobus
604 2599 718 2659 modice
732 2599 876 2674 corvatis,
899 2598 989 2657 minos
1004 2605 1045 2655 ta·

46 2698 110 2739 men
133 2680 263 2758 minimo,
286 2691 370 2760 aptus
393 2683 428 2750 ad
450 2681 649 2761 disputandum
670 2689 724 2742 est.
762 2680 867 2740 Acrius
883 2689 978 2741 tamen
1000 2697 1044 2738 ar·

45 2766 205 2840 gumentari
231 2764 378 2842 videntur,
413 2767 460 2844 qui
489 2766 612 2827 medium
635 2765 785 2825 articulum
809 2766 904 2844 potins
931 2770 1043 2830 tenent;

14 2901 19 2908 .
46 2855 124 2907 tanto
147 2847 389 2910 contractioribus
404 2847 509 2910 ultimis
525 2849 639 2928 digitis,
663 2859 767 2927 quanto
789 2849 903 2928 priores
922 2847 1043 2907 descan-

49 2931 160 2989 derunt.
205 2929 259 2992 list
282 2941 313 2993 et
335 2931 386 2993 illc
407 2933 592 2994 verecundae
618 2933 740 2992 orationi
765 2932 947 3011 aptissimus,
977 2947 1045 3008 quo,
1054 2940 1088 2994 96

47 3022 181 3091 quattuor
201 3016 300 3092 primis
324 3014 459 3077 leuiter
450 3035 479 3077 ιιι
501 3034 638 3077 summum
661 3016 832 3075 coeuntibus
851 3014 964 3092 digitis,
988 3031 1045 3072 non

47 3097 148 3174 procul
171 3097 207 3157 ab
225 3115 276 3158 ore
298 3109 346 3160 aut
362 3106 484 3178 pectore
501 3101 627 3160 rciertur
643 3099 678 3160 ad
700 3116 754 3158 nos
771 3116 869 3158 manus
891 3106 920 3156 et
941 3096 1044 3157 deinde

46 3196 137 3257 prona
154 3198 189 3241 ac
206 3182 351 3260 paululum
369 3182 482 3260 prolata
501 3182 622 3244 laxatur.
652 3182 716 3243 Hoc
730 3169 816 3242 niodo
833 3181 969 3260 coepisse
985 3177 1043 3238 De·
1033 3188 1085 3244 -97

46 3264 216 3324 mosthenen
240 3267 356 3327 credo
348 3285 375 3324 m
397 3265 448 3326 illo
473 3284 526 3345 pro
546 3265 736 3345 Ctesiphonte
759 3264 856 3325 timido
879 3265 1042 3324 summisso·

49 3363 103 3422 que
121 3348 282 3427 principio,
298 3368 342 3410 src
356 3349 505 3410 formatam
524 3347 674 3410 Ciceronis
690 3367 816 3424 manum,
836 3365 900 3409 cum
915 3335 1042 3407 duceret

49 3427 83 3491 Si
99 3433 174 3511 quid
190 3434 261 3496 est
248 3435 365 3513 enpanti
376 3435 408 3496 in
424 3453 488 3512 me,
512 3433 594 3513 quod
608 3434 703 3494 centio
719 3449 810 3511 quam
829 3433 868 3494 cit
891 3433 1042 3510 cuiquam.
