2436 3956
191 242 235 304 ‘20
511 255 546 302 m.
563 254 642 302 sss.
658 253 878 315 omrunsurarm

194 411 267 471 certi
282 408 430 469 adulterii:
455 403 588 470 Munera
603 410 684 471 domei
696 410 821 470 incorum
836 419 925 480 sunm·
939 411 1082 490 pacando,
1100 408 1169 469 cuim

151 501 301 558 53cuctor
314 511 374 554 nom
389 499 491 562 emtam·
512 494 661 570 codicilli,
690 493 814 554 dubium
835 496 879 554 od
902 510 989 572 quem
1008 491 1118 570 scripti.
1147 487 1170 548 lu

192 576 269 637 falso
285 593 401 656 quoque
421 577 494 635 ratio
511 577 628 653 similis,
647 584 696 636 aut
713 577 788 636 enim
804 577 904 656 plures
918 579 947 637 in
963 577 1072 656 culpam
1084 589 1171 633 vocan-

193 670 239 720 tur
254 670 301 720 aut
322 678 403 728 uuus.
443 658 481 718 Et
502 661 628 738 scriptor
650 659 765 738 quiderm
786 677 904 739 semper
924 662 998 720 tueri
1019 662 1172 738 signatorem
1198 653 1199 702 l

192 761 317 803 necesse
334 743 435 818 hahet,
453 745 583 820 signator
600 745 773 821 scriptorem
792 762 849 803 non
866 747 999 822 semper,
1019 761 1079 803 mam
1096 747 1120 800 et
1135 739 1171 798 de·
1197 745 1199 800 l

194 829 251 907 cipi
266 829 369 906 potuit.
406 825 434 886 ls
454 835 563 903 autenm,
587 828 635 907 qui
658 827 712 886 hos
736 826 901 910 adhibuisse
923 838 952 888 et
976 828 1021 888 cui
1041 827 1068 886 id
1087 826 1172 884 lactum

193 912 313 987 dicitur,
340 919 369 970 et
393 910 566 987 scriptorem
589 919 618 970 et
639 911 803 987 signatores
824 911 971 972 defendet.
1008 910 1093 971 Iidem
1107 923 1172 982 argu·

191 1004 352 1054 mentorum
375 994 434 1053 loci
455 994 483 1051 im
500 995 596 1053 causis
617 993 789 1072 proditionis
807 1003 837 1054 et
853 995 1007 1056 affectatae
1028 989 1172 1069 tyrannidis.

151 1091 186 1146 54
275 1078 384 1138 Verum
400 1075 450 1136 illa
468 1076 633 1137 scholarum
649 1078 829 1137 consuetudo
845 1079 926 1137 ituris
946 1080 975 1138 in
992 1080 1082 1140 iorum
1096 1077 1173 1154 potest

192 1177 319 1236 nocere,
337 1160 415 1238 quod
430 1162 540 1238 omnia,
559 1177 633 1238 quae
655 1163 683 1220 in
705 1161 832 1221 themate
854 1179 912 1220 non
934 1171 1016 1238 sunt,
1036 1177 1088 1240 pro
1108 1155 1173 1216 nobis

194 1245 332 1306 ducimus.
367 1243 547 1305 Adulterium
563 1243 680 1313 olriicis;
698 1246 768 1323 quio
782 1247 888 1306 testis?
904 1248 972 1323 quis
986 1245 1098 1308 tndem?
1112 1237 1174 1318 quod

189 1329 345 1407 pretium?
361 1329 429 1406 quir
444 1329 610 1390 comedas?
624 1327 787 1396 Venenum;
804 1330 858 1390 uhi
873 1331 954 1404 emi?
969 1349 991 1392 c
1007 1330 1085 1408 quo?
1100 1339 1174 1404 qaum·

193 1413 255 1473 do?
275 1413 384 1489 pucati
391 1413 407 1470 ‚⁹
418 1430 479 1488 per
493 1428 581 1489 poem
597 1413 695 1472 dedi?
711 1411 767 1471 Pro
784 1429 836 1471 reo
855 1413 1013 1487 tyrannidis
1029 1412 1172 1473 affectatae:

150 1496 245 1562 55uhi
259 1502 329 1556 sumt
344 1496 457 1555 ormo?
478 1513 554 1572 quos
574 1497 716 1556 contrama'
729 1496 896 1558 satellites?
910 1495 1015 1573 Neque
1031 1496 1101 1556 haec
1116 1501 1173 1564 negt

194 1596 261 1637 esse
280 1577 420 1652 dicenda,
445 1586 473 1636 et
488 1579 558 1654 ipsis
575 1576 710 1637 utendum
725 1594 779 1655 pro
798 1586 880 1656 parte
896 1589 1046 1659 suscepta.
1081 1575 1144 1636 Nau
1156 1576 1175 1628 el

193 1663 221 1720 in
244 1661 328 1736 loro,
351 1660 464 1738 quando
492 1660 675 1721 adversarius
703 1661 830 1740 prohare
850 1678 908 1722 non
933 1664 1059 1740 poterit,
1085 1655 1175 1720 deside·

94 1821 96 1827 X
192 1744 273 1804 rabo.
306 1744 365 1804 Sed
382 1746 410 1804 in
431 1745 496 1804 loro
518 1753 624 1805 tantam
647 1743 724 1805 illam
748 1745 917 1810 facilitatem
935 1746 1006 1806 olim
1023 1737 1175 1806 desiderari·

192 1845 271 1903 mus,
295 1828 344 1888 ubi
364 1845 422 1888 uon
444 1829 508 1889 iere
532 1845 619 1889 causa
642 1830 751 1904 agitur,
773 1836 883 1888 utnon
903 1829 1014 1907 aliquid
1036 1847 1073 1889 ex
1088 1826 1176 1886 hisaul

151 1912 277 1991 56plura
297 1920 448 1990 ponantur.
487 1912 560 1972 Huic
582 1912 675 1971 simile
698 1919 759 1986 est,
782 1910 859 1989 quod
881 1913 910 1971 in
931 1913 1058 1991 epilogis
1074 1907 1175 1990 quidam,

193 1994 296 2073 quibus
325 1997 443 2070 voluat,
469 1995 596 2070 liberos,
627 2002 780 2072 parentes,
806 1995 933 2055 nutrices
965 1991 1192 2066 accommodante

193 2079 248 2137 nisi
265 2077 343 2156 quod
363 2081 454 2156 magis
478 2079 662 2138 concesseris
680 2094 731 2152 ea,
755 2095 830 2156 quae
847 2094 904 2137 non
922 2081 979 2140 sint
996 2081 1103 2160 posita,
1119 2068 1175 2133 desi·

195 2161 299 2221 derare
316 2180 400 2242 quam
416 2162 553 2223 adiicere.

278 2244 324 2306 lle
350 2247 443 2306 animo
468 2244 614 2324 quomodo
640 2253 810 2322 quaeratur,
837 2244 1177 2319 satisdio'tumest,eu1t

193 2329 232 2388 ita
255 2329 452 2405 diviserimus,
471 2329 517 2388 An
530 2324 681 2400 ,voluerit‘l
702 2345 738 2388 am
753 2325 901 2406 potuerit?
926 2345 961 2388 an
981 2324 1104 2390 iecerit?
1124 2320 1178 2384 usn

194 2429 250 2490 qua
271 2414 319 2472 via
341 2403 497 2487 tractatur,
519 2430 555 2472 an
578 2411 718 2471 voluerit:
742 2411 860 2488 eadem,
883 2429 940 2492 quo
963 2415 1058 2474 auimo
1081 2405 1177 2472 terem:

152 2495 222 2556 alid
238 2497 312 2556 enim
331 2504 392 2570 est,
414 2496 461 2554 hm
480 2495 556 2556 male
580 2495 834 2556 iacerevoluerit.
869 2494 947 2556 Ordo
970 2513 1086 2576 quoque
1102 2501 1179 2554 rerum

195 2589 243 2640 aut
258 2579 343 2640 affert
360 2588 408 2639 aut
427 2577 551 2639 detrahit
567 2578 666 2648 lidem;
684 2579 773 2640 multo
790 2579 904 2641 scilicet
918 2581 1028 2658 magis,
1052 2597 1100 2640 res
1113 2576 1179 2656 prod

195 2671 356 2740 congruunt
378 2671 425 2722 aut
452 2671 623 2742 repugnant.
662 2663 721 2723 Sed
742 2664 816 2724 haec
838 2664 892 2722 nisi
913 2664 942 2722 in
963 2667 1029 2744 ipso
1047 2660 1179 2740 complere

195 2763 345 2806 causarum
367 2762 425 2806 non
449 2746 711 2826 deprehenduntur.
744 2746 946 2822 Quaerendum
961 2757 1058 2808 tamen
1073 2755 1179 2822 sempera

195 2828 264 2907 quid
280 2830 386 2908 cuique
405 2839 596 2892 connectatur
614 2830 726 2909 etquid
747 2833 918 2892 consentiat.

582 2983 625 3034 DE
644 2980 835 3034 FINITIONE«

279 3078 328 3139 111.
352 3079 489 3158 Sequitur
505 3082 701 3141 coniecturam
723 3080 860 3141 linitio.
893 3081 981 3157 Nam,
1000 3083 1048 3159 qui
1063 3095 1118 3139 mon
1131 3077 1181 3165 pol·

195 3173 240 3223 est
258 3163 358 3224 dicere
375 3164 446 3225 nihil
463 3165 589 3240 iecisse,
606 3166 767 3242 proximum
781 3163 915 3240 habehit,
932 3176 963 3225 ut
978 3164 1070 3238 dicat,
1095 3175 1148 3220 non
1161 3150 1182 3246 td

89 3317 91 3321 ,
194 3248 320 3324 iecisse,
337 3246 415 3327 quod
430 3246 591 3319 obiiciatur.
627 3247 728 3326 ltaque
743 3248 873 3326 pluribus
889 3247 1003 3326 legibus
1019 3246 1118 3306 iisdem
1134 3253 1181 3319 qut·

194 3331 249 3391 bus
266 3333 434 3391 coniectura
455 3339 604 3408 versatur,
629 3332 808 3398 detensionis
823 3341 930 3392 tanturn
947 3349 1057 3410 genere
1072 3331 1181 3388 mutato:

195 3423 226 3474 ut
242 3416 271 3474 in
286 3415 389 3492 tunm,
407 3416 564 3494 depositis,
582 3415 740 3476 adulteriis.
774 3415 861 3493 Nam,
879 3414 1111 3496 quemadmodum
1125 3403 1183 3500 dici:

195 3515 276 3580 mus,
292 3496 361 3561 Nom
373 3500 583 3580 freisonum,
598 3519 658 3562 mon
670 3501 780 3580 occepi
792 3503 977 3580 depositum,
989 3517 1049 3561 mom
1065 3489 1182 3560 comario
