2470 3962
178 157 239 220 248
494 167 858 227 sermocinaremur

178 326 235 386 sint
249 324 336 386 multa
351 323 478 402 propriis
494 320 691 399 brevibusque
712 321 1021 400 comprehensionibus
1044 324 1180 398 finienda,

176 408 252 468 unde
275 408 361 468 etiam
390 414 482 466 statue
503 423 653 466 causmnm
679 405 782 465 dicitur
807 405 946 485 finitivus:
978 423 1076 468 nonne
1097 406 1180 467 adid

177 508 295 572 quoque
310 491 411 550 instrui
427 489 464 550 ah
479 489 531 566 iis,
551 489 600 567 qui
614 489 681 568 plus
695 489 724 548 ln
738 487 796 549 hcc
810 489 896 548 studii
911 488 1070 566 dederunt,
1095 507 1181 569 opor·

178 572 239 635 tet?
262 571 357 649 Quid?
382 565 440 632 non
456 569 676 652 quoestlolurlt
697 573 789 632 omnis
810 581 859 632 aut
875 572 1030 633 uerborum
1048 575 1181 653 proprie-

178 667 237 719 tate
256 667 304 718 aut
319 658 404 735 aequi
420 657 615 736 disputatione
629 664 677 715 aut
692 655 849 716 voluntatis
865 657 1034 718 coniectura
1051 658 1179 718 contine·

177 740 245 802 tur?
266 759 388 820 quorum
405 757 473 819 pars
486 739 521 800 ad
537 739 717 815 rationalem,
736 757 804 818 pars
820 739 856 800 ad
872 739 1010 801 moralem
1027 749 1179 802 tractatum
1215 769 1217 840 ἀ

134 825 324 892 coredundat.
369 823 450 901 llrgo
470 831 571 885 natura
593 824 734 900 permixta
760 831 805 884 est
831 823 961 883 omnibus
986 825 1051 884 istis
1074 826 1179 899 oratio,

178 927 254 989 quae
275 907 391 988 quidem
411 908 505 966 oratio
525 915 671 967 estuare.
709 905 782 966 Nom
801 907 901 983 ignara
923 907 1041 986 quidem
1059 907 1180 968 huiusce

178 992 329 1052 doetrinae
352 991 512 1069 loquacitas
535 998 614 1050 erret
636 1007 761 1072 neeesse
781 999 845 1066 eet,
865 999 896 1048 ut
917 1007 992 1072 quae
1011 991 1063 1050 vel
1085 989 1180 1051 nullos

177 1074 227 1135 vel
241 1075 333 1136 falsos
351 1072 442 1134 duces
457 1072 573 1134 habeat.

262 1158 333 1218 Pars
355 1175 427 1217 uero
446 1155 646 1233 naturalis,
668 1173 732 1216 eom
755 1158 853 1219 estad
875 1157 1118 1218 exercitationem
1138 1157 1178 1218 di-

179 1242 263 1307 oendi
279 1250 356 1302 tanto
372 1241 479 1300 ceteris
494 1238 628 1316 uberior,
647 1248 753 1318 quanto
772 1242 882 1302 maiore
898 1241 1001 1320 spiritu
1021 1241 1060 1301 de
1075 1241 1178 1302 divinis

178 1325 266 1385 rebus
286 1343 371 1404 quam
389 1324 519 1384 humanis
535 1323 710 1402 loquendum
726 1331 788 1399 est,
810 1332 868 1384 tum
884 1319 962 1384 illam
982 1324 1068 1385 etiam
1084 1342 1177 1384 mora·

179 1408 252 1484 lem,
268 1410 330 1468 sine
346 1424 401 1486 qua
417 1407 494 1468 nulla
510 1423 594 1482 esse,
612 1415 643 1466 ut
660 1406 827 1484 docuimus,
847 1409 940 1468 oratio
956 1416 1073 1486 potest,
1091 1417 1178 1467 totam

136 1503 169 1556 21
178 1491 389 1570 complectitur.
424 1489 496 1550 Nam
518 1491 543 1548 si
565 1491 677 1568 regitur
697 1490 878 1568 providentia
898 1491 1034 1551 mundus:
1061 1490 1178 1552 admini-

179 1575 295 1635 stranda
320 1581 402 1635 certe
423 1573 507 1633 bonis
522 1575 592 1634 viris
615 1575 734 1634 eritrea
753 1573 885 1653 publiea;
914 1574 938 1634 si
954 1573 1051 1634 divina
1070 1575 1178 1635 nostris

179 1658 278 1717 animis
296 1657 396 1734 origo:
419 1655 592 1717 tendendum
612 1657 648 1718 ad
669 1659 803 1718 uirtutem
825 1675 881 1718 nee
901 1657 1102 1746 voluptatibus
1122 1667 1177 1718 ter-

178 1743 241 1800 reni
257 1742 389 1821 eorporis
404 1739 598 1801 serviendum.
637 1739 682 1799 An
697 1740 771 1802 haec
785 1758 843 1802 non
859 1741 1028 1820 frequenter
1044 1741 1177 1802 tractabit

179 1822 300 1885 orator?
328 1823 375 1887 hu
391 1823 428 1884 de
443 1825 586 1902 auguriis,
603 1826 770 1902 responsis,
787 1825 931 1903 religione
946 1824 1074 1903 denique
1090 1827 1176 1900 omni,

69 1954 72 1962 ,
179 1908 333 1987 dequibus
350 1909 470 1968 maxima
488 1925 577 1987 saepe
593 1909 621 1967 in
638 1916 740 1968 senatu
758 1905 878 1969 consilia
893 1917 1010 1968 uersata
1028 1919 1106 1985 sunt,
1122 1927 1176 1968 non

180 1992 234 2051 erit
250 1993 276 2050 ei
291 1991 505 2067 disserendum,
529 1993 554 2050 si
569 1991 699 2069 quidem,
721 2001 752 2051 ut
766 1992 850 2052 nobis
864 1992 977 2072 placet,
1003 1991 1118 2054 iuturus
1135 1999 1175 2052 est

178 2076 224 2134 vir
243 2074 335 2134 civilis
359 2071 458 2134 idem?
488 2073 570 2149 Quae
594 2073 718 2153 denique
737 2075 860 2154 lntelligi
880 2075 983 2137 saltem
999 2085 1101 2154 potest
1116 2076 1175 2136 elo·

137 2159 294 2236 aequantia
309 2157 431 2241 homimis
445 2161 552 2237 optima
562 2155 743 2220 nescientis?
765 2159 845 2226 llaec
856 2160 881 2219 si
896 2161 1008 2220 ratione
1024 2159 1174 2220 manifesta

178 2259 236 2301 non
252 2251 368 2303 essent:
384 2241 527 2321 exemplis
545 2249 643 2303 tamen
658 2241 853 2303 crederemus.
885 2241 1034 2322 Siquidem
1054 2253 1084 2303 et
1098 2242 1174 2302 Peri·

179 2324 263 2401 clem,
281 2325 362 2386 euius
378 2325 574 2404 eloquentiae,
591 2327 701 2386 etiamsi
716 2326 795 2388 nulla
810 2328 845 2388 ad
860 2344 913 2386 nos
928 2335 1112 2387 monumenta
1127 2344 1173 2386 re·

178 2417 297 2484 nerunt,
318 2409 376 2467 uim
397 2417 493 2469 tamen
508 2409 648 2487 quandam
663 2409 862 2471 incredibilem
887 2412 949 2470 eum
965 2409 1097 2470 historici
1119 2420 1173 2470 tum

179 2489 478 2568 etiam,¹liberrimurn
497 2491 640 2555 hominum
656 2511 767 2570 genus,
790 2495 893 2571 comici
914 2502 1032 2554 ueteres
1050 2493 1171 2566 tradunt,

179 2573 374 2652 Anaxagorae
389 2574 502 2655 physici
518 2584 631 2636 constat
652 2576 811 2637 auditorem
826 2577 933 2654 inisse,
954 2585 986 2636 et
1001 2575 1171 2636 Demosthe·
1215 2617 1217 2644 ,

74 2659 80 2672 '
179 2675 260 2734 nem,
287 2659 448 2738 principem
471 2660 593 2720 omnium
610 2657 750 2720 Graeciae
772 2669 934 2737 oratorum,
961 2659 1079 2721 dedisse
1103 2676 1171 2738 ope·

132 2749 236 2804 abram
250 2740 372 2803 Platoni.
404 2740 476 2804 Nam
490 2741 530 2818 ll,
546 2741 672 2818 Tullius,
700 2761 757 2803 non
771 2752 878 2804 tanturn
893 2761 926 2804 se
940 2742 1050 2804 debere
1066 2742 1170 2804 scholis

152 2899 155 2908 ι
178 2825 341 2902 rhetorum,
361 2834 497 2904 quantum
517 2824 693 2887 Academiae
714 2828 828 2905 spatiis,-
853 2827 1023 2907 frequenter
1045 2828 1109 2905 ipse
1131 2835 1170 2886 te·

178 2916 281 2976 statur;
309 2927 405 2986 neque
419 2927 453 2968 se
470 2917 547 2970 tanta
563 2911 592 2969 iu
608 2927 644 2970 eo
659 2928 783 2988 unquam
799 2910 921 2972 fudisset
936 2909 1072 2985 ubertas,
1094 2911 1119 2968 si
1131 2911 1169 2968 in·

178 2993 293 3067 genium
310 3009 392 3051 suum
407 3001 549 3071 consepto
566 2993 623 3053 lori
639 3011 697 3053 non
713 2995 804 3073 ipsius
819 3012 915 3053 rerum
931 3001 1051 3056 naturae
1072 2993 1169 3053 linibus

176 3075 371 3136 terminasset.

261 3157 370 3219 Verum
388 3176 425 3219 ex
439 3159 497 3220 hoc
513 3159 568 3220 alla
584 3160 650 3222 mibi
666 3161 798 3239 quaestio
814 3161 961 3236 exoritur,
983 3177 1057 3239 quae
1073 3166 1170 3219 secta

177 3241 314 3304 conferre
330 3242 481 3322 plurimum
497 3243 682 3322 eloquentiae
696 3245 804 3322 possim
829 3259 989 3321 quanquam
1005 3260 1040 3303 ea
1053 3260 1111 3304 non
1132 3242 1168 3300 in·

134 3333 171 3388 ab
180 3334 225 3385 ter
244 3327 348 3390 multas
370 3335 468 3406 potest
488 3344 557 3388 esse
579 3329 735 3388 contentio.
770 3325 843 3388 Nam
865 3329 893 3387 in
908 3328 1006 3406 primis
1020 3343 1075 3386 nos
1088 3323 1169 3405 Epi·

180 3425 288 3470 eurus
304 3427 321 3471 a
335 3428 369 3470 se
383 3413 448 3490 ipse
464 3409 591 3490 dimittit,
614 3412 663 3492 qui
679 3411 783 3490 lugere
803 3427 920 3472 omnem
931 3410 1110 3490 disciplinam
1125 3424 1168 3468 na·

63 3614 134 3624 -—..
166 3621 168 3623 .
