2494 3952
160 237 219 300 rto
487 213 858 302 u.nnn.ou1urrnxnu1'

157 402 313 463 solitudine
334 400 465 478 reperire
487 415 544 458 non
566 391 740 476 possumus?
774 393 898 473 Propter
923 414 999 476 quae
1019 394 1093 455 idem
1114 395 1163 456 ille
1227 407 1228 412 ’

160 494 255 546 tantus
270 491 381 544 amator
396 483 504 541 secreti
521 479 735 541 Demosthenes
750 479 778 536 in
794 477 891 556 litore,
914 480 942 538 in
955 496 1012 557 quo
1028 496 1061 538 se
1077 481 1163 539 maxi·

160 586 205 630 mo
223 585 287 627 cum
302 584 375 626 sono
392 565 494 626 ductus
514 564 650 639 illideret,
669 562 808 622 meditans
824 562 1038 623 consuescebat
1055 564 1163 622 contio·
1227 627 1229 632 ¹

160 670 224 711 num
242 651 371 710 fremitus
387 665 443 708 non
460 665 670 727 expavescere.
761 651 764 656 '

115 760 152 815 31
246 748 299 809 llla
312 765 429 826 quoque
446 748 556 807 minora
573 744 641 824 (sed
657 742 726 804 nihil
744 745 773 802 in
784 742 885 803 studiis
898 760 1017 820 parvum
1033 743 1094 823 est)
1110 760 1167 802 non
1227 767 1229 800 r

160 842 226 892 sunt
243 831 430 894 transeunda:
446 828 564 891 scribi
580 829 688 906 optime
706 828 793 902 ceris,
809 825 953 903 inquibus
971 825 1109 887 facillima
1121 836 1167 887 est

161 918 234 977 ratio
252 914 380 982 delendi;
403 916 456 974 nisi
478 913 555 973 forte
575 914 654 970 visus
673 910 810 970 infirmior
826 908 1053 971 membranarum
1069 911 1165 988 potius

161 1017 241 1060 usum
266 1000 384 1075 exiget,
408 1015 482 1075 quae
511 1005 541 1055 ut
564 997 661 1054 iuvant
681 996 789 1068 aciem,
816 994 855 1052 ita
882 992 985 1054 crebra
1010 992 1167 1069 relatione,

162 1082 256 1161 quoad
271 1082 448 1158 intinguitur,
468 1079 569 1139 calami
585 1085 730 1137 morantur
745 1093 857 1136 manum
872 1084 901 1135 et
917 1077 1100 1154 cogitationis
1117 1078 1166 1136 im·

115 1175 152 1231 32
160 1175 257 1246 petum
281 1165 424 1241 frangunt.
465 1160 683 1241 Relinquendae
712 1168 807 1219 autem
833 1160 862 1218 in
886 1159 1024 1220 utrolibet
1056 1178 1168 1236 genere

162 1257 262 1309 eontra
280 1256 363 1308 erunt
384 1264 493 1308 vaouae
511 1245 656 1318 tabellae,
677 1246 705 1304 in
726 1242 829 1322 quibus
848 1241 941 1303 libera
956 1244 1109 1303 alliciendi
1131 1245 1168 1303 sit

161 1333 306 1392 excursio.
339 1329 411 1391 Nam
427 1330 540 1390 interim
558 1329 701 1407 pigritiam
713 1325 882 1387 emendandi
896 1328 1047 1403 angustiae
1058 1327 1169 1387 iaciunt

161 1424 210 1475 aut
226 1424 307 1475 certe
325 1431 465 1474 novorum
481 1412 702 1490 interpositione
713 1411 811 1490 priora
823 1409 1007 1469 confundant.
1034 1409 1078 1470 Ne
1095 1410 1168 1470 latas

162 1498 275 1576 quidem
297 1498 370 1556 ultra
397 1496 511 1556 modum
538 1513 606 1554 esse
633 1512 717 1555 ceras
739 1492 841 1568 velim,
871 1503 1010 1572 expertus
1035 1495 1169 1553 iuvenem

161 1580 446 1657 studiosum⁰alioqui
464 1578 642 1656 praelongos
660 1576 796 1638 habuisse
817 1594 987 1652 sermones,
1010 1578 1077 1655 quia
1100 1577 1168 1637 illos

160 1679 278 1723 numero
302 1681 437 1721 versuum
462 1661 650 1736 metiebatur,
672 1660 758 1739 idque
780 1659 894 1736 vitium,
918 1661 996 1740 quod
1022 1659 1170 1739 frequenti

160 1747 353 1807 admonitione
372 1747 479 1822 corrigi
495 1762 552 1804 non
570 1753 714 1823 potuerat,
730 1739 842 1804 mutatis
855 1743 1004 1804 codicibus
1017 1762 1085 1804 esse
1101 1744 1170 1804 sub·

117 1831 258 1892 adlatum.
289 1829 385 1890 Debet
393 1847 505 1902 ,vacare
523 1831 607 1887 etiam
624 1828 718 1902 locus,
735 1829 763 1887 in
779 1843 836 1906 quo
852 1836 988 1888 notentur
1005 1845 1080 1906 quae
1097 1829 1170 1888 seri·

76 1951 79 1958 ·
159 1914 293 1975 bentibus
309 1913 405 1975 solent
422 1922 504 1974 extra
519 1912 658 1986 ordinem,
681 1911 708 1970 id
730 1920 775 1970 est
793 1928 830 1970 ex
845 1910 919 1986 aliis,
938 1929 1023 1990 quam
1038 1912 1088 1990 qui
1103 1921 1172 1970 sunt

159 1998 330 2058 inmanibus
347 1998 424 2074 loci,
445 2013 611 2058 occurrere.
651 1993 812 2074 Inrumpunt
835 1993 909 2056 eninr
926 1997 1024 2072 optimi
1040 2012 1172 2055 nonuun-

160 2085 245 2160 quam
260 2100 374 2156 sensns,
392 2098 466 2160 quos
481 2098 576 2159 neque
592 2083 723 2140 inserere
741 2089 858 2157 oportet
873 2095 968 2159 neque
991 2078 1111 2142 differre
1126 2087 1171 2143 tn-

160 2175 217 2223 tum
234 2173 289 2240 est,
306 2167 373 2244 quia
389 2167 501 2224 interim
517 2164 679 2239 elabuntur,
695 2165 807 2224 interim
818 2167 974 2224 memoriae
991 2183 1063 2226 suae
1074 2168 1171 2227 inten-

161 2255 206 2306 tos
222 2248 258 2308 ab
278 2248 333 2310 alia
349 2251 514 2308 inventione
538 2247 683 2308 declinant
707 2247 832 2324 ideoque
856 2249 963 2326 optime
984 2259 1049 2310 sunt
1073 2250 1102 2309 in
1119 2251 1172 2312 de·

160 2333 267 2408 posito.

459 2445 616 2510 QUOMODO
630 2447 868 2500 nunnnnrtntnt.

245 2557 294 2618 tv.
327 2559 463 2637 Sequitur
487 2558 712 2635 emendatio,
738 2577 805 2638 pars
827 2560 985 2620 studiorum
1000 2558 1090 2637 longe
1114 2559 1172 2621 nti-

162 2639 303 2702 lissima.'
329 2641 432 2720 Neque
455 2643 528 2702 enim
549 2645 611 2702 sine
642 2657 727 2703 causa
751 2642 890 2703 creditum
917 2651 962 2702 est
989 2643 1085 2702 stilum
1110 2661 1172 2704 non

160 2726 251 2784 minus
268 2743 368 2803 agere,
388 2744 451 2785 cum
467 2725 555 2786 delet.
586 2726 675 2786 Huius
691 2735 786 2786 autem
804 2728 902 2804 operis
922 2735 966 2785 est
979 2726 1171 2804 adiicere,

160 2808 377 2886 detrahere,
396 2818 547 2869 mutare.
584 2809 643 2868 Sed
658 2810 772 2869 facilius
790 2811 817 2869 in
833 2811 867 2868 iis
883 2808 1102 2888 simpliciusque
1126 2811 1173 2870 in·

161 2891 264 2950 dicium
274 2891 286 2966 ,'
307 2907 381 2970 quae
406 2893 545 2971 replenda
567 2893 614 2952 vel
640 2893 799 2952 deiicienda
822 2901 903 2959 sunt:
932 2910 1065 2970 premere
1092 2911 1173 2954 vero

160 2977 307 3051 tumentia,
325 2975 439 3042 humilia
457 2977 611 3052 extollere,
630 2976 800 3036 luxuriantia
813 2978 986 3052 astringere,
1003 2977 1172 3037 inordinata

160 3057 313 3134 digerere,
335 3057 431 3119 soluta
455 3077 645 3138 componere,
674 3059 830 3118 exultantia
854 3077 1011 3135 coercere,
1039 3057 1173 3138 duplicis

132 3151 281 3219 nuperae.
305 3139 376 3201 Nam
390 3151 419 3201 et
428 3142 584 3202 damnanda
597 3150 662 3201 sunt
675 3160 749 3221 quae
761 3143 941 3221 placuerunt,
952 3151 980 3202 et
991 3144 1172 3204 invenienda

162 3242 237 3302 quae
255 3225 406 3302 lugerent.
455 3225 517 3284 Neo
543 3224 657 3285 dubium
681 3234 726 3284 est
749 3227 884 3304 optimum
907 3244 973 3286 esse
993 3226 1172 3286 emendandi

161 3326 264 3392 genus,
278 3310 303 3368 si
319 3311 427 3386 scripta
444 3310 471 3366 in
489 3307 604 3386 aliquod
621 3317 733 3388 tempus
748 3318 933 3387 reponantur,
950 3319 981 3369 ut
996 3310 1031 3369 ad
1048 3326 1084 3369 ea
1096 3318 1171 3388 post

160 3392 341 3450 intervallum
358 3393 438 3452 velut
456 3409 529 3452 nova
546 3401 632 3470 atque
652 3393 745 3453 aliena
762 3391 925 3469 redeamus,
943 3411 979 3453 ne
991 3392 1075 3452 nobis
1090 3387 1170 3454 scri·

132 3481 149 3533 3
161 3481 209 3549 pta
229 3483 326 3532 nostra
349 3483 480 3552 tanquam
501 3483 635 3534 recentes
656 3475 732 3535 letus
760 3475 949 3536 blandiantur.
988 3475 1048 3536 Sed
1065 3492 1171 3556 neque
