2436 3956
313 243 403 292 unsa.
427 243 576 293 aaaron.
599 244 668 292 mn.
692 244 739 311 rx,
767 242 793 300 a,
982 231 1038 293 101

35 419 115 482 quae
132 408 178 460 est
194 408 307 478 tropos,
324 416 435 475 genere
452 400 517 479 ipso
535 396 604 459 nihil
623 397 772 459 admodum
787 399 891 468 distata
907 399 950 480 (in
962 407 1041 460 utro·

34 503 95 566 que
121 484 196 544 enim
217 484 458 560 eontrariumei,
481 480 558 564 quod
579 482 698 559 dieitur,
729 481 947 560 intelligendum
973 486 1039 564 est)

33 568 156 649 speeies
175 583 248 626 vero
263 565 432 646 prudentius
448 565 567 626 intuenti
588 565 719 625 diversas
743 583 810 626 esse
825 566 912 628 laeile
928 575 973 628 est
990 567 1039 628 de·

33 651 231 734 prehendere.
258 648 392 727 Primum,
408 648 486 729 quod
501 658 603 728 tropos
617 651 745 727 apertior
762 658 807 709 est
823 658 861 727 et,
880 657 1082 730 quanquamto

33 735 115 796 aliud
136 735 205 794 dieit
221 735 367 810 ausentii,
385 751 443 794 non
458 733 535 794 aliud
549 741 644 793 tamen
665 733 788 794 simulat.
819 732 891 793 Nam
903 742 933 794 et
947 736 1040 795 omnia

34 821 115 880 eirea
131 818 195 878 lere
209 825 290 878 reeta
305 827 384 884 sunt:
407 827 437 879 ut
454 816 524 878 illud
540 820 569 876 in
584 814 751 899 Catilinam,
774 814 801 876 A
818 834 877 896 quo
889 820 1039 898 repudia·

33 913 84 965 tus
99 904 144 964 ad
158 900 295 964 sodalem
310 910 403 980 tuum,
418 903 517 962 airum
530 901 684 980 optimum,
700 897 741 962 M.
751 898 933 964 Marcellum
944 902 1040 964 demi·

30 987 144 1068 qraatr'.
183 983 216 1044 In
233 984 344 1046 duobus
360 985 472 1046 demum
488 984 586 1044 verbis
605 993 650 1044 est
665 985 767 1062 ironia,
785 1002 856 1064 erqo
873 986 958 1048 etiam
973 985 1039 1045 bre·

31 1073 101 1131 rior
129 1077 175 1129 est
205 1077 317 1147 tropos.
362 1068 400 1129 At
430 1069 458 1128 iu
478 1068 570 1145 ligura
593 1069 680 1128 totius
706 1067 862 1129 voluntatis
889 1069 967 1130 liotio
995 1074 1080 1130 estid

33 1171 181 1234 apparens
196 1154 288 1229 magis
304 1170 388 1231 quam
407 1152 559 1229 confessa,
581 1160 613 1212 ut
632 1150 693 1212 illio
708 1151 798 1212 verba
814 1153 869 1212 siut
883 1152 981 1214 verbis
997 1153 1038 1214 di-

33 1255 141 1313 versa‚
159 1234 206 1296 hie
221 1253 324 1296 sensus
341 1237 467 1296 sermoni
489 1235 580 1315 [voci]
602 1242 631 1295 et
646 1243 706 1297 tota
721 1236 833 1296 interim
848 1254 953 1297 oausae
970 1253 1038 1296 eon·

33 1321 186 1388 turmatim
197 1379 199 1386 ,
210 1336 273 1379 oum
296 1319 381 1380 etiam
401 1321 460 1381 vita
482 1319 617 1380 uniuersa
634 1319 754 1379 ironiam
769 1317 878 1380 habere
894 1321 1037 1396 rideatur,

34 1407 130 1487 qualis
152 1414 197 1466 est
211 1404 273 1464 visa
288 1404 429 1466 Socratis.
465 1401 536 1463 Nam
557 1403 624 1463 ideo
649 1403 742 1462 dietus
765 1403 860 1481 εἴρων,
882 1421 972 1484 agens
988 1405 1037 1463 im·

33 1493 159 1570 peritum
184 1496 214 1548 et
239 1488 441 1550 admiratorem
466 1486 588 1547 aliorum
619 1496 753 1565 tanquam
783 1489 953 1565 sapientium
961 1509 969 1558 ;
996 1497 1037 1564 ut,

35 1571 273 1654 quemadmodum
288 1561 467 1652 ἆλιηγορίαν
485 1571 555 1632 lauit
576 1563 890 1652 mammaemammal,
916 1573 959 1633 sio
979 1570 1037 1632 luoo

36 1657 153 1718 solemn
170 1656 257 1717 laaiat
280 1665 382 1734 tropos
398 1655 448 1717 ille
464 1662 628 1715 contextus.
663 1652 810 1728 Quaedam
828 1672 900 1716 vero
927 1659 1080 1734 generali

37 1741 120 1800 huius
141 1741 251 1818 figurae
273 1739 379 1799 nullam
408 1757 471 1799 oum
491 1739 584 1816 tropis
601 1735 708 1797 habent
724 1739 910 1814 societatem,
933 1749 964 1798 ut
988 1738 1038 1798 illa

1 1816 5 1824 ⁸
36 1824 254 1902 sustinuimus,
277 1840 352 1902 quae
373 1821 476 1882 dieitur
500 1838 516 1882 o
539 1819 692 1900 negando,
717 1838 801 1901 quam
816 1822 944 1882 nonnulli
960 1813 1038 1882 uiuri·

35 1923 147 1986 φρασιν
161 1913 282 1968 vooant:
303 1903 370 1968 Nou
385 1923 477 1986 aqam
494 1914 592 1969 tecum
606 1905 674 1965 iure
688 1923 818 1983 summo,
842 1925 902 1966 aaa
922 1906 1036 1982 diuam,

34 1994 117 2072 quod
129 1991 261 2069 farsitum
277 1991 460 2060 obtinerem
476 1997 505 2050 et
529 1986 611 2063 Quid
632 2007 687 2067 eqo
701 1990 789 2050 istius
809 1989 946 2066 decreta,
963 1989 1039 2068 quid

33 2076 182 2155 rapinas,
203 2075 278 2153 quid
294 2075 498 2139 hereditatum
512 2074 723 2153 possessiones
739 2074 848 2149 datas,
874 2073 949 2152 quid
968 2092 1035 2134 ere-

31 2169 105 2240 ptas
114 2159 300 2237 proferam?
323 2168 353 2221 et
373 2156 457 2222 titum
476 2159 561 2219 illam
577 2158 711 2236 ammam
731 2157 867 2218 libidinis
881 2156 1037 2232 iniuriam,

33 2253 65 2304 et
89 2241 136 2304 Ne
156 2243 210 2304 itta
231 2244 353 2321 quidem
373 2243 544 2305 testimonia
565 2241 677 2314 recito,
700 2257 779 2320 quae
801 2241 886 2302 dicta
905 2248 976 2302 suut
999 2241 1038 2300 de

34 2325 90 2388 as
104 2327 302 2406 septiaqeutia
316 2327 447 2403 milibus,
463 2334 493 2386 et
508 2323 633 2389 Possum
651 2325 765 2387 dicere.
797 2322 907 2398 Quibus
922 2327 1080 2401 generi-48

33 2410 90 2471 bus
102 2428 156 2489 per
168 2419 243 2470 totas
260 2411 371 2470 interim
387 2413 575 2490 quaestiones
588 2408 784 2473 decurrimus:
798 2416 829 2468 ut
839 2406 955 2483 Cicero,
971 2406 1037 2469 idae

34 2514 91 2574 eqo
104 2497 133 2557 si
147 2496 194 2556 oie
210 2511 350 2574 queretur,
366 2503 512 2573 tauquam
529 2493 602 2554 mitt
617 2493 732 2554 crimea
751 2500 830 2553 esset
849 2492 1037 2567 diluendum,

34 2581 115 2642 tneo
127 2579 269 2659 plaustum
283 2580 427 2643 dicerem.
460 2577 607 2658 Εἰρωνείιι
625 2585 682 2652 est,
698 2585 727 2636 et
743 2593 806 2635 oum
823 2574 932 2636 similes
947 2577 1036 2652 impe·

34 2662 163 2722 rantibus
179 2662 227 2722 vel
243 2661 472 2741 permittentibus
488 2678 598 2722 sumus:

308 2744 336 2824 1,
351 2762 481 2825 sequere
493 2743 618 2806 ltaliam
634 2745 748 2813 meatim

37 2841 66 2891 et
82 2849 146 2891 aum
162 2847 214 2906 ea,
237 2847 311 2909 quae
328 2829 459 2890 nolumus
475 2828 567 2888 videri
585 2827 614 2886 ln
629 2825 803 2888 adversariis
820 2842 906 2899 esse,
932 2837 1037 2884 conee-
1045 2834 1080 2889 49

36 2915 129 2975 dimus
148 2916 200 2973 eis.
240 2911 272 2973 ld
288 2915 383 2973 aerius
398 2913 445 2988 lit,
468 2929 531 2971 aum
553 2912 654 2973 eadem
677 2911 705 2968 in
720 2907 805 2970 nobis
820 2917 886 2968 sunt
902 2916 931 2967 et
946 2907 973 2966 iu
989 2904 1038 2966 ad·

35 2999 174 3058 versariis
191 3014 248 3056 nou
265 3005 344 3057 sunt:

487 3114 529 3123 -
543 3075 653 3157 ideque
671 3080 789 3139 timoris

149 3163 255 3245 uirque
268 3173 310 3241 tu,
326 3162 461 3242 Drance,
476 3164 602 3242 quaudo
616 3167 658 3224 tat
670 3161 777 3224 caedis
792 3177 922 3222 aceruos

154 3247 340 3312 Teucrorum
354 3257 409 3311 tua
426 3249 539 3310 dextra
553 3247 647 3310 dedit.

38 3332 124 3406 Quod
146 3333 221 3393 idem
240 3340 340 3393 eontra
359 3330 455 3407 valet,
480 3348 544 3391 eum
567 3337 614 3388 ant
630 3345 680 3405 ea,
706 3346 781 3406 quae
796 3345 812 3388 a
827 3325 911 3386 nohis
926 3323 1040 3402 absunt,

38 3426 87 3478 aut
103 3419 188 3476 etiam
204 3434 278 3496 quae
298 3415 328 3474 in
341 3415 524 3476 adversarios
539 3411 681 3488 reoidunt,
697 3412 779 3490 quasi
794 3409 930 3471 latemur:

109 3498 161 3562 tte
176 3502 255 3564 duee
268 3499 453 3561 Dardanius
467 3495 614 3577 Spartam
634 3495 822 3575 eapuquaor't
836 3492 968 3555 adulter.
