2436 3956
256 233 515 282 memnonem
537 233 607 281 cre.
623 203 864 300 v111,1>noonm.
983 271 986 274 -
1018 227 1059 288 43

29 437 31 456 ,
67 387 176 449 brevius
196 405 231 447 ac
251 387 409 465 simplicius
430 387 503 447 tradi
525 387 617 464 magis
635 389 779 448 convenit.
820 388 878 449 Aut
894 390 1087 458 enimdiili·2
1145 409 1146 416 ¹

28 519 30 526 .
65 472 166 532 onitate
183 471 366 531 institutionis
380 478 436 529 tam
451 487 623 530 numerosae
637 481 723 549 atque
739 472 900 550 perplexae
916 473 1059 536 deterreri

27 609 38 626 ,,
62 555 167 622 solent;
190 562 238 613 aut
260 570 295 613 eo
311 562 459 632 tempore,
476 569 534 630 qno
550 555 707 632 praecipue
725 554 828 616 alenda
842 556 956 632 ingenia
972 566 1058 636 atque

26 700 29 724 ι
62 637 234 714 indulgentia
267 635 387 714 quadarn
419 637 585 697 enutrienda
617 634 698 712 bunt,
730 638 909 716 asperiorum
935 648 1058 702 tractatu

63 739 153 780 rerum
176 728 349 787 atteruntur;
374 728 437 795 aut,
460 720 485 778 si
506 719 581 779 haeo
600 719 664 780 sola
686 720 862 797 didicerunt,
888 724 958 783 satis
973 741 1007 783 se
1021 724 1057 785 ad

25 861 26 864 ,
63 804 254 883 eloquentiam
268 803 423 862 instructos
440 802 629 871 arbitrantur;
650 812 697 863 aut
713 805 795 882 quasi
809 805 846 864 ad
861 815 956 865 certas
972 823 1056 883 qnas-

63 886 122 947 dam
152 886 266 947 dicendi
297 886 381 963 leges
409 885 518 962 alligati
555 895 688 946 conatum
719 904 831 947 omnem
859 887 1055 949 reformidant.

62 968 139 1030 Unde
170 971 333 1030 existimant
364 968 522 1043 accidisse,
551 978 598 1045 ut,
628 971 676 1048 qni
704 969 1084 1048 diligentissimirlrtium3

63 1055 216 1131 scriptores
238 1053 416 1127 exstiterint,
438 1052 473 1112 ab
490 1053 655 1130 eloquentia
671 1053 840 1131 longissime
856 1054 970 1114 inerint.
1000 1055 1056 1122 l'ia

62 1144 151 1196 tamen
166 1154 240 1216 opus
263 1145 308 1194 est
328 1134 529 1214 incipientibus
552 1136 604 1196 sed
620 1154 655 1196 ea
675 1137 760 1214 plana
778 1145 808 1197 et
829 1155 892 1197 cum
909 1138 945 1198 ad
960 1140 1055 1215 ingre-

63 1219 188 1279 diendum
203 1229 262 1280 tum
277 1219 312 1280 ad
328 1217 577 1278 demonstrandum
593 1220 738 1297 expedita.
775 1219 872 1296 Eligat
889 1221 987 1298 itaque
1004 1240 1054 1300 pe-

62 1303 127 1361 ritus
147 1303 196 1362 ille
218 1311 395 1381 praeceptor
417 1319 454 1360 ex
475 1301 605 1361 omnibus
621 1305 726 1381 optima
743 1311 772 1361 et
786 1303 878 1362 tradat
894 1321 928 1363 ea
944 1305 1055 1364 demum

62 1386 278 1463 inpraesentia,
304 1403 377 1463 quae
398 1385 531 1463 placent,
553 1395 663 1445 remota
682 1386 824 1446 relutandi
846 1395 943 1468 cetera
964 1403 1053 1446 mora.

61 1468 218 1546 Sequentnr
247 1468 321 1528 eninr
348 1469 496 1546 discipuli,
527 1485 583 1546 qno
608 1469 734 1529 duxeris.
774 1468 843 1528 llox
864 1488 927 1530 oum
948 1471 1055 1530 robore

62 1551 167 1612 dicendi
182 1561 307 1612 ‘crescet
330 1553 415 1610 etiam
432 1551 563 1611 eruditio.
599 1551 688 1613 lidem
703 1553 795 1631 primo
811 1551 903 1612 solum
919 1555 973 1612 iter
989 1572 1050 1613 orc-
1065 1561 1084 1614 4

64 1633 124 1694 dant
145 1654 229 1711 esse,
259 1637 287 1694 in
307 1635 383 1713 qnod
411 1634 597 1710 inducentur,
626 1644 693 1712 post
714 1636 786 1696 illud
808 1638 948 1713 cognituri
971 1639 1055 1697 etiam

66 1719 199 1794 optimum.
230 1719 302 1779 Sunt
317 1727 412 1778 autem
426 1735 521 1794 neque
537 1718 660 1778 obscura
676 1737 770 1797 neque
787 1719 822 1778 ad
837 1721 1054 1797 percipiendum

65 1799 200 1878 difficilia,
232 1819 308 1879 quae
335 1803 495 1880 scriptores
519 1801 641 1860 diversis
666 1801 847 1879 opinionibus
869 1803 1055 1879 pertinaciter

64 1885 167 1944 tuendis
191 1885 385 1945 involverunt.
421 1882 521 1963 ltaque
544 1886 573 1943 in
601 1893 663 1943 toto
691 1885 759 1944 artis
786 1884 905 1943 lruiusoe
932 1893 1083 1944 tractatu5

63 1964 197 2028 difficilius
211 1977 260 2028 est
273 1969 418 2043 iudicare,
434 1967 502 2046 quid
516 1968 640 2043 doceas,
659 1985 754 2046 quam,
771 1985 834 2026 enm
845 1967 990 2042 iudicaris,
1003 1968 1053 2027 do·

62 2065 139 2126 cere,
168 2053 385 2130 praecipueque
413 2052 441 2109 in
459 2050 567 2110 duabus
598 2050 643 2110 his
664 2050 792 2128 partibus
821 2068 961 2128 perquam
989 2059 1055 2109 sunt

63 2149 163 2210 panea,
186 2137 265 2195 circu
289 2153 362 2214 quae
387 2136 473 2209 siis,
497 2135 545 2213 qui
565 2135 744 2210 instituetur,
761 2149 818 2192 non
838 2134 1053 2211 repugnaverit,

63 2232 173 2293 pronum
190 2219 225 2278 ad
243 2227 340 2278 cetera
355 2217 502 2278 habiturus
519 2226 563 2276 est
579 2234 701 2276 cursum.

138 2299 248 2380 Nempe
271 2303 345 2360 enim
367 2301 517 2379 plurimum
546 2300 574 2358 in
595 2299 652 2358 hoo
673 2298 781 2359 laboris
803 2298 1001 2373 exhausimus,
1024 2302 1083 2358 uro
1190 2333 1199 2380 ,⁴

63 2383 274 2444 ostenderemus
293 2385 458 2443 rhetoricen
474 2382 549 2443 bene
567 2382 680 2443 dicendi
701 2383 850 2442 scientiam
866 2391 895 2441 et
909 2382 1009 2440 utilem
1025 2390 1054 2440 et

63 2474 145 2525 artem
160 2476 188 2527 et
202 2469 336 2529 virtutem
354 2485 436 2534 esse;
455 2467 601 2526 materiam
618 2468 680 2526 eins
701 2485 749 2525 res
765 2482 880 2541 onmes,
898 2465 933 2524 de
950 2465 1053 2542 quibus

63 2547 204 2610 dicendum
220 2560 315 2618 essen
334 2568 383 2610 eas
399 2553 426 2609 in
438 2549 528 2608 tribus
544 2549 607 2608 lere
623 2549 796 2627 generibus,
815 2549 1052 2623 demonstrativo,

64 2629 466 2712 deliberativo,iudicialique
488 2634 628 2710 reperiri;
652 2633 811 2692 orationem
833 2648 921 2709 porro
940 2648 1053 2690 ornnem

64 2725 189 2778 constare
210 2716 298 2776 rebus
321 2726 349 2777 et
374 2715 485 2783 verbim
510 2717 538 2775 in
558 2715 645 2774 rebus
666 2716 828 2776 intuendam
848 2715 1051 2789 inventionem,

62 2795 192 2859 inseritis
214 2800 423 2875 elocutionem,
446 2801 614 2877 inutraque
635 2797 873 2873 collocationem,
898 2814 972 2874 quae
993 2815 1053 2856 me-

62 2882 144 2939 moria
158 2884 407 2962 conplecteretur,
424 2883 500 2942 actio
513 2880 734 2941 commendaret.
766 2880 896 2941 Oratoris
912 2879 1077 2955 officiumst
1184 2896 1194 2968 a

62 2959 193 3041 docendi,
217 2966 364 3042 movendi,
388 2965 550 3026 delectandi
567 2964 695 3042 partibus
718 2966 873 3038 contineri,
896 2963 1051 3041 exquibus
1192 2975 1194 2992 ¹

63 3044 95 3103 ad
128 3046 285 3109 docendum
314 3051 458 3127 expositio
494 3057 523 3108 et
552 3049 775 3123 argumentatio,
813 3048 848 3107 ad
881 3045 1052 3106 movendum

63 3126 177 3190 allectus
202 3135 375 3210 pertineret,
404 3148 478 3210 quos
506 3149 560 3210 per
585 3147 696 3190 omnem
723 3131 837 3210 quidem
860 3147 975 3189 causam
999 3128 1051 3189 sed

65 3212 178 3274 maxime
199 3223 292 3276 tamen
313 3217 340 3276 in
361 3217 492 3292 ingressu
516 3232 551 3274 ac
573 3213 630 3273 line
652 3215 799 3274 dominari.
835 3213 908 3271 Nam
923 3212 1051 3271 delecta-

65 3292 178 3372 tionem,
195 3300 322 3376 quamvis
340 3301 505 3376 inutraque
521 3299 558 3356 sit
573 3314 686 3372 eorum,
702 3298 793 3374 magis
808 3306 903 3356 tamen
918 3295 1051 3372 proprias

66 3373 91 3430 in
104 3376 265 3442 elocutione
280 3391 377 3461 partes
391 3381 509 3442 habere.
541 3380 732 3454 Quaestiones
748 3380 818 3440 alias
831 3377 962 3454 infinitas,
973 3377 1078 3441 alias8

68 3454 171 3538 linitas,
188 3482 261 3542 quae
279 3467 428 3545 personis,
451 3465 542 3542 locis,
565 3463 743 3542 temporibus
759 3463 983 3523 continerentur.
1019 3459 1052 3518 ln
