2494 3952
331 199 420 248 ruer.
434 200 582 249 crunon.
596 184 730 266 urnxr',
744 201 770 252 a.
953 251 956 258 ,
995 190 1056 251 207

40 373 113 424 sus;
137 355 166 413 iu
183 362 266 432 parte
282 356 371 414 iurari
391 361 506 434 potest,
529 354 623 432 quod,
648 374 713 415 cum
728 355 820 416 semel
836 365 883 417 aut
898 355 942 416 bis
959 357 1057 418 audie·

42 441 93 515 rit,
111 440 248 498 continuo
264 437 305 497 illi
320 439 486 498 memoriam
499 455 578 498 suam
594 441 722 516 experiri
738 439 807 500 licet
819 449 848 500 et
860 458 923 500 oum
938 441 1056 517 legente

43 521 237 584 contendere.
269 521 339 580 Nam
357 529 387 582 et
402 521 510 600 alioqui
526 520 553 582 id
572 524 694 582 maxime
710 524 870 584 iaciendum
887 534 942 600 est,
959 534 988 583 ut
1003 543 1056 584 nor

42 604 170 665 subinde
197 613 382 684 temptemus;
413 607 478 685 quia
502 607 635 666 continua
658 607 747 667 lectio
771 617 800 667 et
822 626 896 686 quae
916 610 1006 685 magis
1028 619 1057 669 et

44 706 124 768 quae
153 687 247 749 minus
275 687 396 748 haerent
419 689 580 766 aequaliter
606 692 716 750 transit.
756 690 787 750 ln
809 692 988 769 experiendo
1015 701 1099 762 te·35

43 791 173 854 neasne,
200 781 229 832 et
251 773 343 832 maior
365 773 485 832 intentio
508 781 552 832 est
577 782 606 833 et
630 773 699 834 nihil
720 776 892 852 supervacui
917 778 1055 854 temporis

43 859 142 936 perit,
164 871 221 934 quo
238 857 323 916 ctiam
340 874 415 934 quae
430 865 562 916 tenemus
577 860 672 936 repeti
689 859 812 927 solent;¹
825 861 863 918 ita
879 859 961 935 sola,
982 877 1056 937 quae

44 940 229 1016 exciderunt,
246 947 448 1015 retractantur,
464 949 495 1000 ut
509 940 611 1000 crebra
628 942 780 1001 iteratione
795 942 951 1018 firmentur,
969 961 1056 1021 quan·

45 1041 133 1102 quam
149 1023 246 1084 solent
263 1023 321 1083 hoc
335 1025 400 1101 ipso
418 1026 540 1084 maxime
556 1023 694 1100 haerere,
713 1026 790 1104 quod
804 1026 982 1086 exciderunt.
1019 1025 1057 1088 ll·

45 1108 95 1168 lud
113 1106 271 1166 ediscendo
287 1106 501 1186 scribendoque
522 1125 671 1168 commune
686 1119 748 1185 est,
774 1111 888 1188 utrique
905 1110 1056 1188 plurimum
1095 1100 1100 1109 ’

46 1190 186 1251 conferre
206 1189 310 1250 bonam
327 1190 538 1266 valetudinem,
565 1191 708 1269 digestum
730 1193 839 1269 cibum,
861 1196 982 1254 animum
1006 1212 1055 1254 co·

45 1273 234 1352 gitationibus
259 1273 323 1334 aliis
344 1274 475 1334 liberum.
506 1273 613 1335 Verum
635 1283 663 1335 et
684 1278 712 1335 in
733 1279 768 1336 iis
791 1294 865 1354 quae
886 1279 1054 1355 scripsimus
1065 1290 1101 1344 36

47 1357 279 1437 complectendis
294 1358 412 1418 multum
426 1358 538 1434 valent,
557 1367 586 1417 et
602 1361 630 1419 in
645 1360 679 1418 iis
696 1376 770 1437 quae
786 1361 946 1438 cogitamus
965 1365 1055 1421 conti-

46 1441 150 1502 nendis
172 1458 265 1520 prope
289 1441 371 1501 solae
395 1443 554 1522 (excepta,
578 1459 652 1520 quae
668 1443 866 1521 potentissima
885 1453 946 1520 est,
970 1463 1055 1505 exer·

47 1525 204 1602 citatione)
228 1525 361 1585 divisio
389 1535 424 1586 et
453 1527 685 1604 compositio.
723 1526 795 1588 Nam
818 1529 866 1606 qui
882 1538 965 1588 recte
983 1530 1053 1589 diri·

47 1611 136 1688 serit,
160 1625 302 1690 nunquam
325 1611 433 1690 poterit
453 1611 481 1669 in
502 1627 597 1669 rerum
619 1609 719 1670 ordine
736 1629 845 1671 errare.
886 1610 972 1672 Certa
992 1623 1097 1678 suntet

49 1699 124 1755 enim
147 1711 204 1754 non
228 1695 322 1755 solum
349 1696 378 1754 in
405 1692 570 1770 digerendis
597 1695 813 1770 quaestionibus
838 1694 890 1755 sed
917 1698 1001 1756 etiam
1026 1700 1054 1757 io

49 1779 245 1858 exequendis,
276 1779 409 1839 simodo
435 1786 517 1837 recte
540 1776 676 1851 dicimus,
705 1779 794 1855 prima
819 1796 853 1838 ac
875 1780 1002 1839 secunda
1026 1791 1055 1841 et

49 1864 204 1940 deinceps;
224 1861 421 1940 cohaeretque
437 1862 528 1920 omnis
543 1878 639 1919 rerum
656 1861 814 1938 copulatio,
830 1870 861 1920 ut
879 1864 906 1920 ei
921 1862 990 1923 nihil
1006 1882 1055 1923 ne-

49 1964 106 2025 que
119 1944 248 2006 subtrahi
261 1947 324 2006 sine
340 1945 492 2005 manifesto
508 1944 659 2004 intellectu
670 1961 766 2022 neque
780 1945 867 2004 inseri
883 1947 984 2024 possit.
1008 1947 1053 2006 An
1065 1955 1102 2010 38

48 2046 122 2089 vero
139 2029 283 2090 Scaevola
304 2032 335 2088 iu
357 2029 420 2088 lusu
436 2027 588 2088 duodecim
604 2029 793 2106 scriptorum,
818 2047 881 2088 cum
902 2031 982 2107 prior
998 2032 1056 2090 cal-

50 2113 147 2174 culum
162 2113 355 2191 promovisset
371 2122 508 2190 essetque
524 2113 635 2187 victus,
655 2112 719 2172 dum
735 2131 783 2170 rus
799 2112 906 2187 tendit,
929 2116 1056 2192 repetito

51 2198 140 2257 totius
156 2196 319 2256 certaminis
336 2195 447 2273 ordine,
465 2213 522 2275 quo
539 2196 606 2255 dato
622 2204 751 2256 errasset
765 2196 955 2273 recordatus,
972 2197 1057 2257 rediit

51 2283 87 2344 ad
103 2297 179 2356 eum,
195 2297 319 2357 quocum
335 2279 454 2356 luserat,
471 2282 554 2359 isque
568 2280 607 2338 ita
622 2279 729 2340 factum
745 2297 812 2339 esse
829 2280 981 2340 confessus
998 2289 1057 2339 est:

52 2365 145 2424 minus
161 2363 235 2423 idem
252 2364 324 2423 ordo
340 2363 447 2424 v'alebit
464 2365 492 2422 in
507 2364 657 2438 oratione,
677 2364 847 2442 praesertim
865 2371 942 2422 totus
957 2373 1057 2423 nostro

52 2447 172 2508 arbitrio
188 2449 376 2521 constitutus,
402 2465 465 2506 curn
481 2456 588 2508 tantum
606 2447 657 2507 ille
672 2445 769 2508 valeat
786 2444 938 2508 alternus?
963 2445 1057 2507 Etiam
1067 2457 1103 2512 39

54 2548 128 2610 quae
139 2530 215 2590 bene
231 2532 391 2609 composita
407 2540 500 2606 erunt,
518 2533 683 2592 memoriam
695 2533 773 2590 serie
785 2549 836 2591 sua
849 2530 963 2590 ducent.
987 2529 1059 2590 Nam

53 2616 128 2674 sicut
149 2615 263 2674 facilius
283 2632 386 2674 versus
410 2614 566 2675 ediscimus
585 2632 668 2692 quam
684 2631 801 2692 prosam
823 2615 999 2673 orationem:
1021 2616 1059 2674 ita

53 2714 161 2776 prosae
175 2698 271 2758 vincta
294 2715 379 2776 quam
400 2699 550 2768 dissoluta.
587 2699 637 2757 Sic
659 2697 815 2774 contingit,
836 2706 868 2756 ut
883 2698 968 2756 etiam
984 2714 1059 2775 quae

54 2799 92 2842 ex
107 2790 239 2860 tempore
254 2781 427 2842 ridebantur
440 2782 543 2857 effusa,
566 2781 601 2841 ad
617 2779 737 2840 verbum
753 2782 877 2859 repetita
892 2780 1058 2841 reddantur.

56 2863 139 2939 Quod
159 2883 242 2925 meae
260 2882 378 2944 quoque
394 2867 549 2927 memoriae
564 2865 793 2924 mediocritatem
816 2863 1011 2944 sequebatur,
1036 2865 1061 2923 si

55 2947 167 3027 quando
182 2949 360 3009 interventus
376 2949 546 3028 aliquorum,
563 2949 611 3026 qui
623 2947 699 3008 huuc
714 2948 854 3009 honorem
869 2957 1059 3024 mererentur,

54 3033 160 3091 iterare
172 3007 399 3092 declamationis
421 3042 532 3111 partem
556 3033 715 3110 coegisset.
753 3031 817 3094 Nec
840 3041 885 3092 est
909 3031 1060 3092 mendacio

56 3114 157 3190 locus,
175 3115 264 3176 salvis
281 3118 329 3196 qui
344 3117 545 3177 interfuerunt.
959 3183 962 3188 ,
1052 3191 1058 3196 ,

30 3215 36 3230 ·
139 3200 170 3259 si
186 3201 250 3278 quis
265 3208 360 3261 tamen
374 3219 458 3262 unam
472 3201 680 3280 maximamque
701 3217 778 3260 ame
794 3206 885 3259 artem
904 3199 1104 3260 memoriuc40

56 3291 192 3361 maeret:
215 3285 449 3346 exercitatio
467 3293 514 3345 est
529 3293 558 3344 et
574 3283 694 3352 labor;
710 3283 797 3342 mult-a
813 3281 956 3357 ediscere,
973 3279 1059 3340 multa

56 3367 204 3444 cogitare,
227 3377 258 3429 et
281 3368 387 3429 silleri
406 3376 506 3448 potest
528 3368 651 3443 cotidie,
675 3367 902 3445 potentissimum
926 3373 980 3424 est.
1012 3361 1060 3422 lli-

54 3449 96 3511 hil
114 3467 207 3529 aeque
225 3452 274 3513 vel
291 3461 414 3531 augetur
429 3469 497 3513 cura
518 3451 568 3512 vei
585 3451 761 3529 negligentia
776 3448 930 3510 intercidit.
964 3446 1061 3522 Quare
1068 3455 1101 3509 41
