2508 3958
309 229 398 278 nisu.
422 228 570 276 onsron.
593 227 778 294 nrn.v11,1.
1025 213 1044 272 5
1092 294 1098 300 .

71 357 196 446 eobototi
208 393 277 445 tuoe
290 401 350 444 ooo
363 383 505 461 paruerit
510 403 523 449 ,·
538 390 570 442 ot
580 383 611 442 in
626 381 694 442 olio
709 384 809 443 omnio
819 381 974 444 subiectus
988 381 1044 442 sit:

69 487 115 529 ooo
125 475 246 547 propter
265 469 412 547 optionem
418 488 432 534 ,·
456 473 489 526 ut
505 474 634 544 propter
653 467 818 543 optionem:
846 485 905 527 ooo
918 473 1046 543 propter

67 552 144 611 tatem
170 552 326 628 optionem.
377 548 457 608 Haeo
482 549 551 607 iuris
578 550 777 626 quaestionum
803 549 963 609 differentia
990 556 1043 608 est.

65 631 91 691 ln
104 634 180 692 laetis
198 643 290 693 autem
311 632 347 692 ad
362 632 438 692 idem
458 631 604 691 tendentia
621 640 686 690 sunt
702 632 802 709 plura,
825 651 861 692 ex
878 631 980 710 quibus
995 631 1088 694 ali-m
1149 651 1152 658 ·
1210 621 1213 641 '

65 733 113 792 qua
127 719 193 776 eitra
208 733 342 776 summam
358 716 556 792 quaestionem
571 715 676 773 remitti
691 715 802 783 solent;
824 725 871 790 ut,
890 716 915 774 si
925 717 966 790 is,
983 733 1046 774 oum

64 815 113 876 quo
125 799 187 859 turti
199 801 301 876 agitur,
319 798 409 858 dieat:
427 796 527 859 Probo
539 807 567 858 te
579 799 732 874 babuisse,
745 801 846 876 probo
859 800 1046 876 perdidisse,

63 883 150 958 probo
165 885 245 962 forto
261 883 453 960 perdidisse,
472 883 572 959 probo
593 900 661 942 meo
683 883 808 958 froude.
851 881 950 942 Priora
973 881 1047 940 enim

65 966 156 1024 remitti
172 975 304 1044 possunt;
326 964 451 1024 ultimum
466 981 522 1022 non
539 972 646 1042 potest.
1073 1037 1076 1044 Ι

136 1049 269 1109 Solebam
285 1058 314 1106 et
328 1047 385 1106 hoo
399 1048 499 1107 faeere
514 1049 688 1126 praecipue,
705 1057 735 1107 ut
750 1049 799 1108 vel
815 1048 850 1108 ab
866 1048 964 1108 ultima
980 1051 1088 1125 spe-23

66 1128 104 1187 oie
129 1130 203 1206 (narn
229 1150 263 1191 ea
290 1131 353 1189 lere
381 1138 441 1205 est,
468 1148 543 1208 quae
573 1133 701 1190 eontinet
728 1133 861 1210 eausam)
888 1141 1047 1190 retrorsum

66 1229 218 1288 quaererem
237 1232 330 1292 usque
346 1214 381 1273 ad
397 1215 515 1292 primam
535 1213 703 1290 generalem
720 1217 934 1291 quaestionem,
961 1213 1010 1272 vel
1031 1232 1047 1272 a

64 1311 159 1368 genere
184 1300 219 1358 ad
250 1307 406 1357 extremam
433 1298 562 1374 speeiem
585 1297 810 1373 descenderem,
832 1300 916 1356 etiam
938 1299 965 1355 in
983 1313 1046 1355 sua·

65 1380 145 1436 soriis.
186 1381 223 1441 Ut
238 1380 381 1440 deliberat
397 1378 504 1454 Numa,
524 1399 566 1440 oo
581 1399 708 1458 reponio
723 1380 917 1462 offerentibus
935 1380 1039 1440 Romo·
1055 1383 1090 1433 ιι

64 1461 104 1518 nis
124 1464 264 1540 recipiet,
304 1462 425 1521 Primum
448 1461 541 1521 idest
565 1480 674 1539 genus,
699 1460 748 1523 Ao
770 1464 983 1543 reppendunt?
1006 1480 1048 1523 ao

64 1540 90 1599 io
106 1544 219 1607 m'oitote
235 1546 363 1608 alieno?
385 1563 427 1604 oo
444 1543 578 1606 Romoe?
599 1564 640 1605 oo
661 1546 757 1606 interi
771 1549 833 1607 sint
849 1547 979 1608 Romani
1000 1559 1047 1606 to-

66 1623 112 1683 tem
125 1631 246 1706 nepem?
281 1625 420 1687 Similiter
435 1628 463 1686 in
479 1629 695 1687 controversiis.
741 1627 828 1707 Optet
844 1630 918 1690 enim
930 1631 974 1688 vir
988 1629 1047 1689 lor·

69 1705 98 1762 tis
110 1708 219 1771 alienam
234 1727 367 1771 uxorem.
411 1709 515 1770 Ultima
540 1713 655 1787 speeies
674 1720 733 1786 est,
758 1710 806 1772 Ao
824 1720 933 1791 optare
951 1714 1049 1789 possit

67 1789 179 1855 atnam
189 1797 342 1857 onorem?
379 1792 521 1854 Generule
536 1802 600 1867 est,
619 1791 667 1852 Ao
683 1796 833 1871 quidquid
847 1797 976 1872 opterit,
993 1813 1047 1855 oo-

66 1873 152 1950 cipore
181 1879 313 1940 debeat?
340 1875 441 1950 lude,
470 1875 517 1936 Ao
540 1894 580 1937 ee
603 1877 748 1953 privato?
769 1895 811 1936 oo
831 1878 978 1954 nuptias?
1006 1894 1048 1936 oo

64 1958 188 2021 moritum
202 1962 366 2023 babeatis?
389 1958 447 2017 Sed
459 1957 516 2017 hoo
531 1974 604 2032 non,
623 1958 859 2034 quemadmodum
876 1959 993 2034 dieitur,
1010 1961 1089 2022 itaut

65 2045 88 2094 et
100 2044 244 2114 quaeritur.
286 2041 408 2102 Primum
430 2042 504 2099 enim
522 2043 648 2100 ooourrit
667 2041 747 2116 iere,
769 2041 846 2120 quod
862 2050 907 2100 est
922 2042 1047 2101 ultimum

50 2117 206 2202 dicendum,
221 2135 252 2184 ut
266 2125 337 2199 hoo,
353 2120 421 2184 No'o
436 2124 530 2185 debes
544 2124 676 2184 alienam
689 2133 941 2202 onoremoptore.
963 2125 1046 2184 ldeo·
1070 2126 1076 2131 '

63 2217 109 2276 que
124 2205 291 2268 divisionem
307 2207 402 2284 perdit
416 2206 573 2266 festinatio.
605 2205 671 2265 Non
687 2217 804 2284 oportet
820 2209 906 2285 igitur
923 2209 1046 2267 offeren-

64 2283 126 2344 tibus
145 2309 175 2348 se
197 2300 365 2359 contentum
392 2307 474 2356 esse;
502 2299 658 2368 quaeratur
680 2291 786 2368 aliquid
805 2293 890 2350 etiam
911 2290 1003 2365 ultra,
1021 2293 1048 2350 si

62 2384 94 2426 tte
105 2372 221 2436 oidoom
243 2375 390 2453 quidem?
415 2373 507 2432 adhue
520 2373 603 2450 plus,
621 2374 650 2433 si
668 2375 744 2434 oibit
757 2393 798 2443 em
813 2375 956 2453 privato?
982 2374 1046 2433 ulti-

62 2463 123 2510 num
131 2465 306 2532 retrorsum,
326 2457 402 2534 quod
417 2456 491 2515 idern
507 2473 523 2514 a
539 2457 633 2533 eapite
650 2459 769 2534 primum
785 2466 845 2532 est,
863 2458 978 2518 sinidi!
990 2459 1047 2519 ini·

65 2541 159 2608 quum?
189 2540 305 2619 ultaque
318 2540 519 2618 propositione
537 2540 614 2614 visa,
639 2541 716 2617 quod
733 2549 778 2600 est
794 2541 974 2616 facillimum,
999 2553 1088 2606 coto

63 2615 183 2698 gitemus,
201 2625 302 2683 silleri
318 2631 430 2701 potest,
448 2622 515 2700 quid
532 2622 662 2682 naturale
677 2625 713 2683 sit
729 2625 848 2701 primum
864 2624 1044 2702 responderi.

61 2693 85 2758 ld
99 2704 135 2778 si,
157 2714 292 2785 tanquam
312 2724 360 2766 res
380 2715 481 2782 agatur
497 2714 526 2764 et
540 2705 623 2765 nobis
643 2707 713 2784 ipsis
733 2707 928 2785 respondendi
943 2724 1045 2766 neees-

61 2782 118 2843 sitas
139 2790 188 2864 eit,
210 2791 317 2849 intueri
339 2789 488 2863 volumus,
516 2791 652 2848 oeourrit.
693 2790 724 2849 Si
746 2790 774 2850 id
801 2807 858 2849 non
881 2791 1087 2867 eontigerit,at

61 2879 216 2944 seponamus
238 2873 285 2952 id,
314 2873 390 2950 quod
411 2873 530 2950 primun
551 2889 584 2930 se
601 2872 753 2948 obtulerit,
777 2882 806 2932 et
822 2874 877 2952 ipsi
897 2873 1045 2942 nobiseum

60 2948 94 3006 sio
107 2951 266 3030 loquamur:
289 2955 364 3028 Quid
380 2955 404 3014 si
421 2955 478 3014 hoe
493 2971 550 3014 non
562 2953 663 3014 esset?
683 2957 711 3017 id
727 2959 829 3015 iterum
846 2966 874 3016 et
892 2959 1004 3018 tertium
1018 2966 1047 3016 et
1082 2973 1085 2977 ’

36 3035 38 3062 ⁷
60 3027 114 3092 dun
127 3037 194 3096 nihil
217 3041 255 3097 sit
276 3039 391 3115 reliqui.
434 3037 535 3116 ltaque
554 3038 691 3098 inferiora
712 3037 829 3118 quoque
844 3041 1044 3116 scrutabimur,

59 3129 121 3188 quae
142 3128 263 3181 tractata
284 3121 444 3180 iaoiliorem
461 3121 544 3181 nobis
560 3122 682 3182 iudicem
704 3123 731 3181 in
749 3141 857 3183 summa
875 3126 1045 3202 quaestione

59 3193 160 3260 facient.
204 3202 271 3263 Non
295 3205 433 3263 dissimile
457 3204 524 3265 buie
546 3213 591 3264 est
613 3214 642 3265 et
664 3205 733 3265 illud
755 3215 959 3284 praeceptum,
982 3215 1012 3264 ut
1030 3216 1087 3269 ate

62 3285 239 3345 tonmunibus
256 3288 293 3346 ad
308 3289 426 3366 propria
438 3289 595 3348 veniamus.
633 3287 709 3348 Fere
726 3289 801 3348 enim
818 3290 975 3349 communia
993 3306 1043 3364 ge·

63 3366 154 3426 uenalia
177 3379 251 3428 sunt.
288 3367 459 3446 Commune,
485 3370 659 3450 Tyrannum
677 3373 808 3442 oceidit·
832 3373 978 3450 proprium
1004 3379 1045 3430 ta·

62 3454 127 3524 meu,
145 3449 321 3531 Tpronoum
334 3456 465 3523 oceidit·
480 3456 590 3516 mulier
603 3455 731 3532 oooidit,
747 3474 827 3518 neor
840 3456 963 3518 oceidit.
1017 3455 1020 3460 ’
