2470 3962
300 309 302 313 Ι
345 233 436 284 rnen.
455 233 789 303 oannou.n1a.x1,s.
1010 223 1072 285 213

69 390 135 450 dum
151 388 213 463 deri
228 397 350 466 possunt
365 395 408 448 tot
425 386 557 448 civilibus
575 387 680 448 ciliciis
697 395 858 466 occupato,
883 407 938 450 nec
951 399 1090 469 praepa'

67 489 135 533 rare
151 471 188 532 ab
203 471 266 531 imis
282 472 360 530 souis
376 487 480 531 vocem
495 471 530 532 ad
548 488 689 546 summos,
706 489 770 554 ‚nec
785 488 902 549 semper
922 491 939 533 a
955 483 1073 534 conten·

67 559 148 615 tione
175 553 302 615 condere
324 554 410 629 licet,
439 571 503 613 cum
524 553 653 632 pluribus
676 550 788 614 iudiciis
811 571 901 633 saepo
923 555 1074 617 dicendum

67 641 115 698 sit.
156 636 201 697 Ne
223 637 352 698 ciborum
374 637 490 716 quidem
511 646 556 697 est
577 638 677 698 eadem
700 637 876 698 observatio.
912 636 977 698 Non
1000 641 1114 700 enimbit

66 731 124 782 tarn
145 721 226 781 molli
248 731 406 801 teneraque
426 738 502 782 voce
524 737 607 799 quam
628 721 696 780 iorti
718 737 753 781 ac
773 721 895 781 durabili
917 738 990 800 opus
1011 733 1071 792 est;

67 823 134 865 cum
150 804 307 866 illi'omnes
323 807 408 865 etiam
423 804 578 864 altissimos
594 820 683 863 sonos
700 803 807 865 leniant
822 813 912 864 cautu
925 807 999 880 oris,
1021 823 1072 866 no·

67 891 112 948 bis
132 888 273 967 pleraque
294 907 399 967 aspere
421 890 477 947 sint
496 887 698 966 concitateque
720 887 840 948 dicenda
863 897 892 947 et
908 888 1072 966 vigilandae

65 981 169 1032 noctes
186 980 216 1032 et
229 972 321 1049 fuligo
338 970 564 1032 lucubrationum
579 969 703 1032 bibenda
721 980 751 1030 et
765 971 904 1032 insudate
921 981 1004 1033 reste
1021 973 1071 1032 du·

65 1056 194 1117 randum.
228 1055 324 1128 Quare
344 1071 448 1115 vocem
463 1054 576 1115 deliciis
592 1070 649 1113 uon
662 1054 840 1130 molliamus,
860 1074 914 1116 nec
931 1057 1071 1116 imbuatur
1079 1063 1113 1116 m

66 1158 102 1199 ea
126 1139 353 1213 consuetudine,
382 1156 467 1216 quam
488 1138 639 1198 desertura
659 1139 710 1205 sit:
739 1138 793 1198 sed
814 1141 985 1199 exercitatio
1007 1142 1069 1199 eius

65 1223 133 1283 talis
148 1224 185 1281 sit
201 1221 293 1300 qualis
315 1240 400 1296 usus,
423 1239 478 1280 nec
493 1221 610 1280 silentio
632 1220 762 1281 subsidat
782 1222 834 1280 sed
857 1222 983 1281 firmetur
1002 1239 1069 1282 con·

65 1306 237 1382 suetudine,
266 1323 322 1384 qua
345 1304 500 1365 difficultas
522 1306 613 1364 omnis
634 1304 756 1364 levatur.
796 1303 937 1364 Ediscere
964 1313 1111 1382 autemid

65 1407 124 1468 quo
141 1391 318 1462 exercearis,
336 1390 391 1448 erit
406 1389 557 1466 optimum;
573 1405 637 1448 uam
651 1407 692 1452 ,en
704 1397 836 1466 tempore
853 1387 983 1449 dicentes
1001 1407 1069 1449 avo·

5 1539 6 1548 q
66 1481 113 1533 cat
131 1491 147 1532 a
163 1490 231 1532 cura
246 1474 329 1532 vocis
344 1471 405 1548 ille,
423 1473 472 1551 qui
488 1490 526 1530 ex
540 1471 629 1530 rebus
645 1473 717 1549 ipsis
733 1473 910 1550 concipitur,
930 1472 1068 1540 allectum

66 1565 96 1616 et
116 1556 249 1618 ediscere
275 1571 358 1633 quam
379 1556 501 1616 maxime
523 1555 620 1630 varia,
646 1573 720 1632 quae
746 1564 775 1614 et
797 1555 953 1615 clamorem
976 1565 1005 1615 et
1029 1557 1069 1617 di·

65 1639 258 1718 sputationem
274 1647 303 1697 et
318 1654 481 1698 sermonem
497 1646 525 1697 et
537 1636 630 1697 denus
643 1638 777 1713 babeant,
794 1648 824 1698 ut
835 1639 918 1698 simul
933 1641 962 1698 iu
977 1641 1069 1698 omnia

33 1715 52 1785 .’
65 1739 208 1801 paremur.
239 1721 302 1781 lloc
318 1724 387 1781 satis
403 1731 457 1781 est.
489 1721 608 1798 Alioqui
625 1722 713 1781 nitida
727 1721 777 1782 illa
794 1731 823 1780 ot
841 1731 938 1782 curata
954 1739 1012 1782 vox
1030 1725 1111 1785 ira-to

64 1804 180 1866 solitum
195 1804 324 1877 laborem
342 1804 506 1879 recusabit,
528 1813 558 1863 ut
573 1813 689 1864 assueta
704 1805 859 1884 gymnasiis
875 1814 904 1864 et
920 1805 988 1865 oleo
1005 1824 1069 1866 cor·

5 1929 7 1942 .
63 1905 154 1967 pora,
177 1887 333 1966 quamlibet
349 1889 406 1947 sint
423 1889 451 1946 in
468 1887 527 1946 suis
546 1887 747 1947 certaminibus
764 1889 899 1966 speciosa
918 1897 1004 1967 atque
1023 1906 1069 1948 ro·

63 1973 159 2046 busta,
175 1972 200 2030 si
214 1971 338 2031 militare
353 1971 409 2030 iter
425 1971 592 2048 fascemque
609 1980 638 2030 et
653 1970 766 2048 vigilias
782 1971 918 2049 imperes,
935 1971 1069 2033 deliciunt

5 2061 7 2064 '
64 2065 94 2114 et
116 2063 254 2131 quaerant
273 2063 412 2116 unctores
434 2071 503 2114 suos
524 2054 687 2131 nudumque
709 2054 853 2114 sudorem.
886 2052 939 2114 llla
954 2056 1068 2134 quidem
1076 2063 1109 2117 st

62 2140 91 2198 in
107 2138 165 2197 boc
180 2154 272 2216 opere
287 2139 418 2217 praecipi
435 2137 500 2220 quis
514 2137 600 2213 ierat,
616 2138 750 2198 vitandos
766 2137 846 2197 soles
862 2146 948 2214 atquo
963 2145 1068 2200 ventos

64 2230 94 2281 et
109 2219 207 2281 nubila
230 2222 316 2281 etiam
336 2239 372 2282 ao
394 2218 563 2282 siccitates?
594 2219 652 2296 lta,
675 2222 700 2280 si
716 2220 866 2282 dicendum
887 2223 915 2279 in
932 2221 997 2281 sole
1021 2232 1069 2282 aut

63 2314 206 2379 ventoso,
231 2304 364 2380 humido,
388 2304 483 2366 calido
504 2304 550 2365 die
565 2304 669 2380 luerit,
691 2320 760 2364 reos
781 2301 971 2365 deseremus?
997 2305 1069 2366 Nam

65 2388 184 2448 crudum
207 2389 322 2466 quidem
338 2398 386 2449 aut
401 2398 528 2448 saturum
548 2397 595 2448 aut
613 2386 723 2448 ebrium
739 2397 787 2462 aut
803 2389 899 2447 eiecto
914 2388 1001 2448 modo
1017 2407 1068 2448 vo-

5 2541 6 2548 p
61 2473 146 2547 mita,
164 2489 239 2549 quae
256 2472 384 2532 carenda
399 2472 513 2550 quidam
527 2480 654 2548 mouent,
671 2471 835 2532 declamare
850 2473 1003 2549 neminem,
1021 2474 1069 2552 qui

5 2617 6 2620 ,
62 2557 100 2614 sit
114 2555 217 2614 mentis
236 2569 374 2633 compos,
399 2564 479 2633 poto.
517 2554 591 2614 Illud
606 2571 663 2614 non
680 2557 743 2614 sine
762 2571 848 2614 causa
868 2564 913 2614 est
928 2555 964 2615 ab
980 2556 1111 2624 omni-og

5 2651 6 2714 ζ
62 2637 117 2698 bns
140 2646 345 2717 praeceptum,
367 2647 397 2697 ut
419 2647 553 2716 parcatur
571 2638 695 2698 maximo
709 2639 777 2697 voci
796 2639 826 2696 iu
844 2638 895 2698 illo
911 2657 927 2698 a
946 2640 1069 2718 pueritia

5 2725 6 2728 ’
61 2723 91 2780 in
107 2720 334 2783 adolescentiam
349 2723 487 2798 transitu,
504 2723 570 2800 qnia
584 2720 752 2782 naturaliter
767 2721 936 2799 impeditur,
952 2739 1020 2798 non,
1038 2731 1070 2782 ut

5 2835 6 2838 κ
62 2803 204 2879 arbitror,
221 2814 342 2884 propter
352 2805 501 2880 calorem,
520 2804 597 2884 quod
613 2803 726 2882 quidam
742 2813 928 2883 putaverunt;
944 2823 1008 2866 nam
1024 2814 1069 2865 est

61 2888 154 2947 maior
169 2888 255 2957 alias;
271 2888 323 2949 sed
340 2897 462 2967 propter
476 2887 624 2948 bumorem
639 2889 749 2966 potius;
771 2887 907 2949 namhoc
922 2899 1002 2950 aetas
1019 2889 1068 2949 illa

61 2972 213 3048 turgescit.
247 2970 349 3051 ltaque
370 2989 456 3032 nares
473 2973 557 3032 etiam
575 2980 728 3050 aspectus
746 2989 783 3032 eo
799 2980 932 3050 tempore
948 2982 1066 3048 tument,
1075 2979 1109 3034 29

62 3062 150 3130 atque
173 3056 266 3116 omnia
287 3054 369 3115 volut
390 3057 551 3132 germinant
571 3071 666 3132 eoque
688 3064 753 3114 suut
774 3064 875 3115 tenera
896 3065 925 3115 et
948 3057 1067 3115 iniuriae

61 3137 199 3198 obnoxia.
236 3137 311 3215 Sed,
338 3147 369 3197 ut
389 3137 627 3217 adpropositum
648 3137 781 3214 redeam,
802 3140 857 3199 iam
883 3140 1066 3200 conirnnatae

5 3215 7 3284 ᾗ
61 3221 295 3299 constitutaeque
307 3222 389 3281 vocis
401 3239 493 3299 genus
505 3222 722 3282 exercitationis
734 3222 871 3300 optimum
882 3222 968 3298 duco,
989 3221 1066 3300 quod

5 3303 7 3312 ’
61 3311 108 3363 est
124 3305 207 3382 operi
229 3305 416 3379 simillimum,
437 3304 536 3364 dicere
557 3304 662 3365 cotidie
683 3307 759 3365 slcut
778 3307 898 3383 agimus.
935 3303 1065 3384 Namque

60 3386 119 3447 boc
134 3387 220 3449 modo
234 3404 291 3448 non
302 3405 361 3448 von
375 3396 481 3449 tautum
497 3387 680 3449 confirmatur
691 3397 720 3447 et
731 3387 816 3464 latus,
834 3387 887 3447 sed
903 3389 987 3447 etiam
1000 3405 1064 3448 cor-

5 3499 6 3524 :
59 3471 142 3550 poris
162 3470 272 3531 decens
288 3481 317 3532 et
333 3470 566 3532 accommodatus
582 3472 704 3532 orationi
719 3480 814 3530 motus
831 3472 1019 3552 componitur.
