2436 3956
175 175 185 188 ’
306 211 766 280 1nsa.onnroa.n1e.vu,a.
907 185 910 191 ⁵
1005 209 1043 267 17

47 377 100 441 tas,
115 364 273 440 humilitas,
296 381 386 444 opes,
408 375 438 426 ut
454 366 558 444 cuique
573 368 750 444 ingeniosis
767 377 831 444 est,
854 371 883 428 in
899 370 1043 432 diversum

47 449 194 510 trahuntur.
238 449 324 508 Probi
347 467 419 508 vero
446 466 543 510 mores
572 461 602 510 et
623 460 773 511 anteactae
794 453 870 512 vitae
892 456 1087 532 integritas33
1133 497 1136 502 -

44 549 179 612 nunquam
199 549 256 591 non
276 532 428 611 plurimum
450 533 620 612 profuerint.
659 536 690 595 Si
713 533 783 594 nihil
800 535 967 598 obiiciatur:
991 557 1042 618 pa-

42 627 135 676 tronus
153 616 268 694 quidem
283 618 310 675 iu
325 616 382 676 hoc
397 617 585 677 vehementer
600 617 760 686 incumbet;
778 630 933 682 aecusator
948 632 1043 682 autern

40 701 75 760 ad
89 709 271 778 praesentem
286 701 501 778 quaestionem,
518 700 554 760 de
571 717 626 779 qua
642 701 706 761 sola
720 702 854 762 iudicium
869 705 925 780 sit,
943 709 1042 784 cogni·

42 785 143 843 tionem
169 782 300 859 alligabit
330 783 448 860 dicens,
476 785 619 844 neminem
638 801 696 844 uon
723 785 877 864 aliquando
906 792 1044 867 coepisse

42 883 178 944 peceare,
199 885 256 926 neo
275 884 329 944 pro
350 868 482 928 encomio
502 868 663 928 ducendum
680 869 778 929 scelus
794 871 926 947 primurn.
962 872 1088 940 Hnecsa

42 951 67 1008 in
81 950 293 1029 respondendo.
330 951 380 1010 Sic
401 960 496 1012 autem
518 951 704 1030 praeparabit
725 954 839 1012 actione
859 956 949 1032 prima
971 957 1042 1016 iudi·

41 1051 100 1094 omn
119 1033 244 1106 animos,
267 1043 298 1093 ut
320 1034 450 1094 uoluisse
466 1037 562 1114 potius
578 1035 708 1096 obiicere
725 1053 809 1115 quam
829 1054 887 1097 non
910 1040 1044 1116 potuisse

42 1117 177 1178 credatur.
215 1115 320 1196 quue
337 1119 434 1178 satius
455 1128 517 1196 est,
542 1136 626 1178 omne
642 1137 675 1179 se
689 1129 842 1180 anteactae
857 1123 936 1182 vitae
955 1121 1043 1182 absti-

34 1219 105 1260 nere
126 1202 259 1262 convicio
282 1219 365 1280 quam
382 1201 495 1262 levibus
512 1212 560 1263 aut
580 1203 693 1263 frivolis
715 1213 762 1262 aut
784 1205 936 1264 maniiesto
959 1205 1044 1266 falsis

41 1301 114 1344 reum
128 1287 294 1360 incessere,
312 1287 377 1363 quia
393 1285 465 1345 fides
482 1287 588 1345 ceteris
605 1286 779 1362 detrahitur,
798 1289 888 1367 etqui
906 1288 976 1348 nihil
992 1288 1044 1349 ob·

9 1395 11 1402 v
41 1367 108 1444 iicit,
132 1370 266 1430 omisisse
290 1367 370 1428 credi
392 1377 491 1446 potest
511 1368 664 1430 maledicta
687 1379 820 1448 tanquam
845 1387 1043 1449 supervacua;

42 1451 85 1527 qui
95 1469 163 1512 vana
174 1453 326 1528 congerit,
345 1452 498 1512 coniitetur
512 1471 616 1513 vanum
632 1454 659 1512 in
672 1455 813 1513 anteactis
832 1463 1042 1531 argumentum,
1120 1513 1121 1520 ,

9 1577 11 1602 2
42 1533 178 1612 inquibus
199 1536 279 1594 vinci
298 1552 382 1612 quam
399 1545 499 1596 tacere
519 1536 679 1597 maluerit,
698 1535 822 1613 Cetera,
847 1555 922 1617 quae
941 1556 957 1599 a
973 1549 1092 1616 per-35

42 1619 112 1676 sonis
128 1619 191 1679 duci
205 1620 320 1694 solent,
337 1619 364 1678 in
381 1628 612 1696 argumentorum
628 1619 703 1680 locis
719 1621 917 1698 exposuimus.

116 1702 249 1762 Proxima
265 1711 310 1761 est
326 1719 364 1762 ex
383 1705 509 1763 causis
526 1702 678 1780 probatio,
696 1705 724 1762 in
742 1703 846 1780 quibus
861 1704 936 1764 haec
952 1703 1042 1764 maxi·
1111 1765 1115 1770 ,
1150 1733 1156 1738 -

44 1799 84 1842 me
105 1793 285 1863 spectantur,
311 1784 371 1861 ira,
401 1786 511 1861 odium,
537 1794 647 1860 metus,
676 1786 834 1864 cupiditas,
863 1805 948 1865 spes;
977 1804 1042 1846 nam

9 1931 10 1936 γ
42 1867 142 1947 reliqua
162 1872 191 1930 in
211 1869 316 1930 horum
337 1870 454 1948 species
476 1868 589 1928 cadunt.
627 1867 755 1942 Quorum
777 1869 891 1946 siquid
910 1871 939 1928 in
960 1887 1042 1928 reum

9 1951 10 2012 ἶ
42 1955 198 2014 conveniet:
224 1953 403 2013 accusatoris
428 1961 474 2012 est
495 1951 632 2028 eiicere,
662 1951 698 2012 ad
713 1946 856 2030 quidquid
878 1952 1041 2012 laciendum

9 2023 12 2068 Ὺ
43 2050 137 2096 causae
147 2037 250 2099 valere
265 2036 435 2111 videantur,
451 2053 576 2113 easque,
589 2053 660 2113 quas
676 2037 704 2094 in
720 2044 919 2112 argumentum
934 2043 1038 2110 sumet,

9 2185 10 2188 Ἴ
42 2132 154 2194 augere;
177 2122 203 2180 si
231 2120 337 2180 minus:
360 2118 431 2178 illuc
455 2119 631 2179 conferenda
653 2127 698 2178 est
721 2120 832 2194 oratio,
856 2128 904 2180 aut
928 2118 1086 2196 aliquasae

9 2237 11 2242 ·
41 2198 156 2264 fortasse
172 2204 297 2264 latentes
315 2202 422 2277 inisse,
440 2212 487 2262 aut
502 2203 571 2262 nihil
584 2201 619 2262 ad
636 2220 697 2262 rem
712 2203 878 2280 pertinere,
895 2220 947 2262 cur
959 2201 1039 2264 iece-

9 2317 10 2328 ÷
42 2283 88 2356 rit,
110 2287 133 2345 si
151 2287 237 2363 iecit,
261 2288 418 2348 auttetiam
435 2286 547 2363 dig'nius
568 2303 635 2345 esse
660 2285 728 2346 odio
746 2285 865 2359 scelus,
890 2284 968 2364 quod
983 2301 1041 2344 non

9 2363 10 2382 ³
41 2363 161 2430 habuerit
183 2385 310 2432 cansam.
347 2369 487 2430 Patronus
509 2387 599 2445 vero,
621 2371 755 2449 quotiens
771 2367 896 2448 poterit,
923 2366 1042 2428 instabit
1114 2443 1118 2452 q

9 2447 11 2460 ’
41 2446 99 2510 huic
113 2451 195 2530 loeo,
211 2462 243 2514 ut
258 2453 328 2514 nihil
341 2453 481 2514 credibile
498 2455 535 2514 sit
550 2453 657 2514 lactum
673 2470 740 2513 esse
752 2455 815 2512 sine
828 2469 926 2513 causa.
954 2449 1040 2525 Quod

43 2527 136 2596 (litero
156 2537 411 2598 vehementissime
430 2536 526 2597 multis
543 2535 721 2597 orationibus
736 2545 857 2612 tractat,
880 2536 1040 2614 praecipue

42 2623 125 2679 tamen
148 2638 201 2700 pro
217 2621 352 2697 Vareno,
375 2621 423 2699 qui
452 2619 582 2680 omnibns
603 2619 667 2680 aliis
691 2618 892 2698 premebatur;
921 2635 985 2678 nam
1012 2626 1041 2676 et

42 2695 177 2764 damnatus
194 2713 249 2765 est.
289 2705 345 2780 At,
363 2707 387 2764 si
402 2705 590 2782 proponitur,
613 2721 665 2762 our
678 2703 788 2763 iactum
804 2703 854 2761 sit:
872 2709 921 2762 aut
936 2701 1085 2761 talsanat

9 2801 10 2808 ¹
42 2799 146 2848 oausam
160 2797 209 2849 aut
221 2788 316 2849 levem
327 2798 375 2849 aut
391 2791 519 2865 ignotam
533 2803 585 2846 reo
601 2787 688 2847 dicet.
723 2785 849 2856 'bossunt
861 2792 957 2844 autem
973 2801 1041 2843 esse

10 2863 11 2896 ³
42 2864 145 2946 aliquae
160 2873 273 2931 interim
295 2873 430 2949 ignotae,
446 2870 492 2931 An
506 2870 645 2931 heredem
658 2869 812 2944 habuerit,
837 2886 873 2928 an
888 2876 1041 2927 accusatu·
1123 2949 1129 2958 .

9 2957 11 3042 ,
41 2965 82 3008 rus
96 2952 182 3014 inerit
197 2973 277 3029 eum,
295 2973 311 3016 a
327 2973 384 3033 quo
396 2955 500 3015 dicitur
518 2949 656 3014 occisus?
679 2953 710 3013 Si
724 2951 780 3016 alia
796 2951 971 3026 defecerint,
984 2967 1043 3010 non

9 3083 11 3090 Α
41 3034 130 3114 utique
153 3039 326 3116 spectandas
352 3057 420 3100 csse
448 3055 565 3105 causas;
593 3054 657 3096 nam
679 3054 765 3115 quern
789 3052 883 3115 posse
904 3034 1041 3114 reperiri,

9 3149 10 3158 κ
40 3119 152 3191 quinon
171 3130 293 3198 metuat,
313 3123 423 3197 oderit,
446 3117 568 3202 speret?
591 3120 731 3199 plurimos
750 3128 846 3180 tamen
864 3118 938 3178 haec
960 3116 1042 3177 salva

9 3213 11 3274 s
41 3198 195 3265 innocentia
214 3205 323 3267 lacere.
361 3203 464 3285 Neque
486 3204 558 3265 illud
582 3212 627 3263 est
642 3203 847 3278 omittendum,
866 3218 925 3261 non
941 3206 1089 3262 annesae

43 3297 135 3346 causae
152 3289 181 3348 lu
196 3289 324 3350 omnibus
339 3290 475 3370 personis
489 3288 600 3349 valere.
634 3286 706 3348 Nam
722 3295 755 3346 nt·
769 3285 857 3347 alicui
874 3285 912 3344 sit
927 3281 1042 3343 iurandi

44 3379 120 3428 causa
146 3382 317 3450 paupertas,
342 3374 477 3434 nouerit
500 3372 574 3432 idern
600 3373 629 3430 iu
651 3369 739 3430 Curio
762 3369 957 3445 Fabricioque
979 3382 1040 3425 mo·

43 3461 165 3512 mentum.

94 3555 119 3592 u.
130 3557 153 3594 r.
167 3556 277 3604 ournru.
291 3544 323 3604 11.
861 3533 881 3593 2
