2470 3962
192 205 253 265 272
515 211 875 272 ncuaQOumcmua

192 383 307 432 torrens
324 371 449 431 iudicem
464 367 512 428 uel
530 370 668 427 nitentem
683 375 785 426 contra
799 366 876 425 ieret
892 375 1042 446 cogetque
1057 369 1117 442 ire,
1141 386 1190 445 qua

192 457 295 533 rapiet.
333 453 387 513 llic
414 461 513 513 orator
538 461 567 511 et
588 450 742 511 defunctos
764 449 902 509 excitabit
922 460 954 509 ut
979 451 1107 529 Appium
1123 451 1191 511 Cae·

192 557 271 614 cnm,
295 537 370 616 apud
386 535 460 597 bunc
477 545 506 596 et
522 536 613 614 patria
629 535 692 612 ipsa
707 533 899 609 exclamabit,
916 534 1134 612 aliquandoque
1151 533 1192 594 ci·

193 639 330 682 ceronam
353 623 381 680 iu
405 622 535 679 oratione
558 627 659 678 contra
676 615 826 678 Catilinam
847 618 876 675 in
896 627 999 677 senatu
1016 618 1191 696 alloquetur.

148 705 244 771 bullio
269 714 298 764 et
321 702 589 782 amplificationibus
615 701 739 776 extollet
762 701 938 776 orationem,
967 709 997 760 et
1022 703 1051 760 in
1068 702 1192 780 superla-

191 791 299 849 tionem
318 804 435 866 quoque
455 788 595 864 erigetur.
635 783 721 857 Quae
740 781 914 863 Charybdis
930 793 996 845 tum
1019 789 1146 846 aaran?
1170 795 1193 844 et

191 956 265 1016 haec
292 955 405 1015 lumina.
444 953 498 1013 llic
524 954 597 1014 deos
621 955 702 1030 ipsos
727 954 755 1011 iu
779 968 969 1029 congressum
994 969 1094 1030 prope
1119 971 1191 1011 suum

191 1055 413 1117 sermonemque
429 1037 570 1098 deducet:
592 1035 651 1098 Vos
666 1037 744 1097 mm
758 1032 873 1097 Albani
886 1037 995 1096 tantali
1009 1044 1106 1115 atque
1119 1039 1192 1103 luci;

190 1141 261 1197 aas,
280 1125 420 1201 iuquam,
444 1119 631 1184 Albanorum
649 1121 778 1181 obrutae
794 1137 888 1197 arae,
910 1137 1079 1180 sacrorum
1094 1122 1191 1200 populi

191 1205 322 1268 llontam'
343 1209 448 1270 sociae
467 1214 497 1266 et
516 1205 672 1282 aequales.
705 1202 758 1262 llic
783 1202 870 1278 iram,
894 1201 942 1262 hic
964 1203 1190 1264 misericordiam
1221 1261 1222 1264 ,

191 1289 358 1368 inspirabit,
376 1289 423 1350 hic
441 1289 532 1349 dicet:
557 1287 599 1349 Te
613 1287 689 1348 vidit
706 1294 734 1347 et
749 1287 916 1364 appellavit
930 1298 959 1348 et
972 1283 1081 1364 ficata·
1101 1296 1130 1347 et
1147 1305 1191 1365 per

193 1391 293 1432 omnes
309 1373 431 1434 allectus
446 1381 585 1433 tractatus
600 1371 656 1430 huc
673 1379 760 1450 atque
778 1368 847 1429 illuc
867 1379 1008 1447 sequetur
1022 1389 1081 1430 nec
1098 1370 1190 1431 doceri

149 1455 378 1526 63desiderabit.
411 1455 508 1530 Quare
531 1456 554 1514 si
577 1473 615 1514 ex
632 1454 722 1513 tribus
738 1451 781 1512 his
797 1452 955 1530 generibus
971 1457 1146 1514 necessario
1161 1454 1191 1511 sit

193 1538 356 1616 eligendum
372 1557 471 1597 unum:
490 1539 552 1616 qais
569 1537 680 1598 dubitet
696 1536 752 1596 lroc
768 1536 918 1614 praeferre
934 1536 1069 1597 omuibus
1084 1547 1113 1598 et
1127 1537 1190 1596 vali·

192 1623 338 1683 dissimum
362 1622 469 1700 alioqui
488 1631 516 1681 et
537 1622 665 1681 maximis
691 1619 852 1698 quibusque
874 1623 970 1680 causis
993 1621 1189 1682 accommoda·

149 1701 353 1775 attissimum?
381 1704 453 1766 Nam
469 1713 498 1764 et
512 1705 654 1765 Homerus
672 1703 791 1765 brevem
807 1704 922 1782 quidem
938 1722 1003 1764 cum
1019 1706 1188 1765 iucunditate

193 1799 222 1851 et
238 1792 399 1869 propriam,
425 1789 453 1849 id
469 1791 543 1848 enim
559 1798 604 1849 est
618 1807 678 1849 oon
694 1789 844 1849 deerrare
857 1789 976 1864 verbis,
1001 1797 1032 1848 et
1051 1798 1188 1850 carentem

192 1875 382 1953 supervacuis
415 1872 609 1952 eloquentiam
633 1870 767 1932 blenelao
794 1871 888 1946 dedit,
916 1889 991 1948 quae
1017 1881 1084 1933 suut
1109 1874 1189 1932 virtu-

191 1967 236 2017 tes
251 1959 368 2033 generis
385 1955 460 2017 illius
477 1957 573 2035 primi:
602 1965 631 2014 et
653 1974 691 2015 ex
713 1972 765 2015 ore
780 1953 912 2014 Nestoris
936 1955 1008 2015 dixit
1028 1957 1191 2018 dulciorem

191 2041 278 2100 melle
291 2037 447 2118 profluere
461 2059 640 2116 sermonem,
657 2057 712 2119 qua
730 2047 811 2099 certe
828 2037 1027 2098 delectatione
1044 2040 1114 2100 nihil
1129 2039 1191 2116 tingi

192 2123 282 2184 maius
299 2131 410 2201 potest:
430 2123 483 2182 sed
500 2140 636 2182 summam
648 2139 806 2200 aggressus
823 2123 851 2181 in
862 2121 948 2182 Ulixe
961 2122 1126 2185 locandiam
1137 2141 1190 2182 ma·

192 2206 368 2284 gnitudinem
384 2207 426 2266 illi
442 2209 544 2274 iunxit;
568 2207 613 2266 cui
637 2207 796 2266 orationem
816 2207 935 2268 uicibus
949 2208 1088 2268 bibentis
1103 2217 1131 2266 et
1146 2223 1189 2266 co·
1223 2227 1224 2244 ¹

148 2307 183 2361 65
193 2291 239 2374 pia
256 2289 412 2350 uerborum
427 2299 455 2350 et
471 2292 577 2368 impetu
593 2307 692 2368 parem
707 2288 814 2348 tribuit.
845 2286 920 2350 Ouum
934 2289 992 2352 boc
1009 2291 1098 2368 igitur
1112 2309 1190 2352 nemu

192 2375 364 2435 mortalium
382 2375 539 2434 contendet
545 2396 559 2442 ;
585 2373 664 2434 bunc
683 2381 716 2433 ut
738 2374 828 2433 deum
842 2373 976 2434 ltoudttes
989 2376 1189 2437 intuebuntur.

192 2455 272 2514 Hanc
295 2457 352 2515 uim
378 2465 407 2514 et
433 2454 612 2516 celeritatem
634 2457 662 2514 in
683 2454 796 2516 Pericle
818 2457 934 2516 miratur
956 2455 1097 2536 Eupolis,
1115 2458 1190 2518 bunc

192 2537 356 2599 fulminibus
380 2538 591 2618 Aristophanes
618 2548 783 2618 comparet,
810 2539 884 2599 haec
910 2550 955 2600 est
981 2559 1054 2602 vere
1083 2541 1190 2602 dicendi

192 2621 327 2683 facultas.

150 2723 184 2778 66
276 2707 336 2768 Sed
362 2724 458 2785 neque
483 2707 527 2766 bis
550 2706 641 2767 tribus
663 2707 745 2785 quasi
767 2707 867 2767 formis
894 2706 1006 2768 inclusa
1029 2708 1189 2787 eloquentis

194 2797 248 2848 est.
283 2788 356 2850 Nam
371 2798 403 2849 ut
419 2791 494 2850 iuter
509 2789 620 2867 gracile
635 2791 820 2869 validumque
835 2792 947 2850 tertium
965 2792 1073 2872 aliquid
1090 2793 1189 2853 consti·

193 2880 282 2932 tutum
299 2882 359 2933 est:
384 2875 423 2933 ita
445 2873 546 2935 borum
568 2872 721 2933 intervalla
738 2883 820 2949 sunt,
844 2882 930 2952 atque
953 2876 1028 2935 inter
1042 2875 1118 2936 lraec
1133 2878 1190 2954 ipss

150 2956 310 3030 qumixtum
326 2956 459 3035 quiddam
476 2975 513 3016 ex
528 2956 640 3016 duobus
657 2957 781 3016 medium
797 2967 841 3016 est
857 2974 965 3017 eorum.
996 2958 1069 3018 Num
1084 2968 1116 3019 et
1130 2959 1189 3018 sub·

195 3038 237 3099 tili
265 3039 379 3117 plenius
408 3038 514 3117 aliquid
540 3049 627 3118 atque
652 3039 784 3100 subtilius
810 3049 839 3100 et
861 3040 1025 3100 vehementi
1048 3044 1189 3102 remissius

195 3131 282 3201 atque
305 3123 503 3183 vehementius
527 3125 685 3200 invenitur,
710 3132 739 3184 ut
761 3123 831 3185 illud
853 3124 919 3185 lene
941 3134 988 3184 aut
1012 3126 1143 3186 ascendit
1159 3123 1190 3183 ad

194 3205 315 3266 fortiora
338 3216 384 3266 aut
406 3206 441 3267 ad
461 3208 591 3268 tenuiora
610 3209 800 3267 summittitur.
834 3207 879 3267 Ac
901 3211 944 3268 sic
960 3226 1053 3286 prope
1071 3211 1189 3268 innume-

195 3287 302 3350 rabiles
328 3291 444 3369 species
469 3292 670 3369 reperiuntur,
700 3309 774 3370 quae
802 3293 901 3370 utique
927 3291 1024 3370 aliquo
1050 3300 1188 3352 momento

195 3375 269 3432 inter
287 3392 319 3433 se
342 3374 489 3435 dillerant:
512 3377 586 3434 sicut
610 3384 744 3455 quattuor
766 3383 870 3435 ventos
892 3375 1071 3453 generaliter
1092 3395 1108 3436 a
1130 3376 1188 3436 toti·

195 3453 260 3515 dem
281 3456 375 3516 mundi
398 3458 561 3518 cardinibus
583 3459 747 3537 accepimus
764 3459 852 3535 llere,
875 3478 939 3520 cum
954 3459 1189 3540 interim’plurini

194 871 337 934 Oceanus
357 873 476 932 medius
495 870 589 949 lidius
608 871 684 948 ipse.
717 866 792 927 Nota
811 875 877 926 sunt
898 869 973 927 enim
989 870 1045 928 iam
1061 869 1192 929 studiosis
1216 891 1222 1260 q
