2494 3952
383 210 826 312 rusr.onuron.nre.rx,a.
1042 236 1100 298 143

176 394 266 458 Totus
281 413 353 457 vero
368 396 416 456 bic
431 396 514 457 locus
533 416 590 458 non
605 400 671 459 ideo
688 407 826 460 tractatur
841 417 857 459 a
872 399 970 477 nobis,
987 411 1018 462 ut
1034 413 1155 466 ora-ill

84 484 147 558 tio,
173 499 246 561 quae
269 480 339 540 ferri
363 479 451 540 debet
466 499 501 542 ac
518 482 625 559 lluere,
648 482 828 543 dimetiendis
843 484 966 562 pedibus
983 503 1017 546 ac
1031 504 1098 564 per·

86 564 251 648 pendentiis
273 563 393 640 syllabis
416 575 623 633 consenescam
648 585 711 626 nam
734 567 763 626 id
785 584 848 626 cum
870 570 968 628 miseri
992 570 1098 628 lumin
1188 601 1191 607 ,

84 651 208 710 minimis
225 651 360 726 occupati
376 657 438 725 est,
462 652 665 728 nequeenim,
688 653 784 729 quise
801 658 892 710 totum
906 653 935 711 in
954 653 1010 712 bac
1028 671 1095 713 cura
1105 663 1156 717 113

86 734 318 811 consumpserit,
343 732 506 810 potioribus
530 727 660 795 vacabit:
694 735 719 793 si
746 735 861 812 quidem
876 736 981 796 relicto
1001 754 1097 796 rerum

85 816 218 897 pondere
251 832 286 876 ac
309 817 404 895 nitore
427 825 593 896 contempto
619 819 801 893 tesserulae,
832 827 863 878 ut
893 821 932 878 ait
958 819 1095 894 Lucilius,

83 907 183 964 struet
199 907 227 959 et
241 902 440 962 vermiculate
454 904 535 962 iuter
550 921 583 963 se
598 902 677 963 decis
693 903 861 964 comatittet.
904 902 1007 962 Nonne
1023 919 1095 980 ergo

84 984 279 1062 refrigeretur
295 985 338 1042 sic
354 984 434 1044 calor
452 993 480 1044 et
495 987 619 1064 impetus
634 995 752 1063 pereat,
774 994 805 1045 ut
826 1003 967 1064 equorum
983 1005 1096 1046 cursum

84 1068 204 1130 delicati
221 1068 335 1126 minutis
351 1067 485 1146 passibus
502 1066 656 1146 frangunt?
685 1069 774 1142 Quasi
789 1086 861 1129 vero
879 1071 1019 1146 fecerint,
1039 1088 1095 1130 non
1105 1077 1155 1132 114

86 1153 187 1212 sintin
204 1152 416 1230 compositione
432 1151 616 1231 deprehensi.
658 1153 739 1213 Sicut
760 1170 864 1232 poema
879 1171 963 1213 nemo
985 1153 1095 1214 dubita·

83 1236 163 1296 verit
188 1235 322 1312 imperito
339 1236 462 1313 quodam
483 1238 562 1296 initio
578 1237 672 1296 fusum
689 1246 718 1296 et
733 1239 841 1297 aurium
856 1255 989 1297 mensura
1012 1247 1040 1296 et
1057 1241 1095 1296 si·

83 1319 193 1380 militer
209 1318 423 1379 decurrentium
438 1322 596 1398 spatiorum
611 1318 817 1380 observatione
833 1339 899 1379 esse
914 1330 1094 1398 generatum,

83 1420 155 1463 mox
170 1403 198 1461 in
214 1419 251 1461 eo
267 1412 403 1481 repertos
419 1405 522 1483 pedes.
558 1405 634 1465 Satis
652 1405 739 1482 igitur
754 1406 781 1464 in
797 1404 853 1464 boc
870 1421 923 1463 nos
940 1414 1096 1482 componet

83 1487 175 1548 multa
191 1485 337 1547 scribendi
353 1489 541 1562 exercitatio,
565 1496 596 1547 ut
612 1505 649 1547 ex
666 1497 798 1566 tempore
814 1489 899 1548 etiem
915 1487 1016 1548 similia
1032 1489 1094 1547 iun·

85 1574 197 1633 damus.
241 1570 345 1649 Neque
364 1589 437 1631 vero
450 1580 507 1631 tam
522 1573 578 1631 sint
599 1572 725 1631 intuendi
742 1572 834 1651 pedes
858 1589 942 1650 quam
960 1574 1154 1632 universa115

86 1654 328 1734 comprehensio,
362 1665 393 1714 ut
417 1673 534 1715 versum
556 1655 697 1715 iacientes
726 1663 816 1716 totum
838 1655 917 1715 illum
941 1655 1094 1715 decursum

86 1755 146 1798 non
161 1756 213 1799 sex
234 1738 283 1798 vel
300 1740 425 1818 quinque
441 1748 559 1819 partes,
579 1737 734 1816 exquibus
751 1748 864 1799 constat
878 1757 998 1813 versus,
1019 1740 1094 1817 aspi·

4 1857 5 1860 =
86 1824 175 1883 ciunt.
220 1822 296 1881 Ante
320 1824 396 1883 enirn
416 1841 532 1883 carmen
558 1831 651 1882 ortum
673 1830 718 1881 est
741 1840 825 1901 quam
841 1821 1008 1882 observatio
1032 1839 1093 1882 car·

84 1906 180 1965 minis.
212 1905 342 1984 ldeoque
357 1906 429 1967 illud
444 1905 544 1968 Fauni
557 1917 702 1984 cotesque
715 1907 875 1968 canebant.
913 1903 993 1982 Ergo
1010 1911 1154 1982 quemllo

84 1993 115 2050 in
133 1999 269 2068 poemate
292 1990 388 2050 locum
407 1988 497 2050 habet
515 1989 710 2066 versificatio,
733 2007 797 2050 eum
818 1991 846 2048 in
862 1990 995 2066 oratione
1016 2005 1093 2047 com·

107 2075 205 2134 esitio.

83 2093 104 2155 p
175 2155 288 2236 Optime
309 2165 404 2218 autem
427 2155 463 2216 de
483 2156 533 2218 illa
557 2158 682 2219 iudicant
703 2175 805 2232 aures,
830 2176 904 2236 quae
921 2156 1008 2234 plena
1028 2172 1093 2214 sen·

84 2244 161 2303 tiunt
181 2251 209 2301 et
230 2259 330 2320 parum
351 2241 469 2320 expleta
492 2241 658 2302 desiderant
674 2252 703 2302 et
724 2241 851 2318 fragosis
867 2239 1049 2301 offenduntur
1065 2247 1094 2298 et

86 2323 202 2387 levibus
222 2325 384 2386 mulcentur
400 2334 429 2385 et
445 2327 585 2385 contortis
607 2329 769 2387 excitantur
786 2334 814 2385 et
829 2323 943 2385 stabilia
959 2321 1093 2401 probant,

85 2407 191 2470 clauda
208 2408 444 2487 deprehendunt,
461 2409 647 2471 redundantia
662 2428 697 2470 ac
711 2410 795 2469 nimia
809 2407 966 2469 fastidiunt.
1009 2404 1094 2466 Ideo·

87 2511 146 2572 que
163 2492 241 2552 docti
256 2494 396 2554 rationem
410 2492 601 2572 componendi
617 2493 796 2570 intelligunt,
815 2494 901 2552 etiam
918 2490 1026 2551 indocti
1041 2506 1093 2549 vo·

85 2578 236 2654 luptatem.
281 2574 426 2650 Quaedam
442 2594 514 2637 rero
529 2577 602 2638 tradi
618 2586 680 2638 arte
694 2594 752 2637 non
763 2583 894 2656 possunt.
938 2573 1089 2634 Mutandus
1102 2581 1153 2638 lll

87 2669 134 2721 est
153 2676 254 2735 casus,
271 2662 296 2719 si
314 2660 412 2720 durius
427 2662 468 2735 is,
488 2677 544 2740 qno
563 2678 771 2740 coeperamus,
792 2660 910 2719 feratur.
954 2656 1044 2732 Num,
1066 2658 1095 2715 in

86 2761 173 2824 quem
189 2748 368 2803 transeamus
386 2761 423 2803 ex
437 2761 511 2822 quo,
528 2747 658 2824 praecipi
675 2740 796 2824 potest?
828 2741 934 2820 Figura
953 2740 1095 2800 laboranti

86 2828 292 2906 compositioni
312 2829 422 2888 variata
443 2845 534 2908 saepe
552 2831 703 2888 succurrit.
750 2827 846 2901 Quae,
872 2843 935 2885 cum
956 2824 1094 2883 orationis

86 2911 244 2972 tumetium
260 2908 442 2971 sententiae?
470 2911 543 2972 Num
557 2913 768 2993 praescriptum
786 2911 849 2970 eius
864 2911 908 2969 rei
924 2907 1012 2968 ullum
1027 2903 1095 2968 est?

4 3059 5 3066 ,
87 2993 300 3055 Occasionibus
315 2995 451 3056 utendum
467 3005 497 3057 et
512 3013 576 3056 cum
590 3015 624 3056 re
636 2996 782 3075 praesenti
798 2993 1024 3055 deliberandum.
1059 2989 1153 3053 Euro

4 3077 5 3124 i
85 3081 144 3138 iam
169 3095 241 3138 vero
264 3081 357 3157 spatia
380 3080 460 3158 ipsa,
491 3098 566 3158 quae
590 3080 619 3140 in
634 3080 690 3141 bac
704 3079 819 3159 quidem
838 3087 921 3157 parte
942 3076 1094 3156 plurimum

4 3169 5 3184 ¹
85 3161 204 3238 valent,
222 3163 299 3241 quod
313 3172 437 3242 possunt
449 3164 504 3223 nisi
519 3166 627 3224 aurium
642 3163 752 3224 babere
767 3158 921 3222 iudicium?
966 3158 1024 3220 Gur
1039 3158 1094 3218 alia

86 3245 276 3324 paucioribus
290 3246 389 3306 verbis
405 3249 475 3307 satis
492 3248 579 3326 plena
596 3248 645 3308 vel
662 3249 793 3324 nimium,
809 3246 865 3306 alia
882 3243 1014 3323 pluribus
1027 3240 1093 3301 bre-

86 3330 136 3389 via
153 3338 183 3389 et
200 3327 314 3391 abscisa
330 3327 416 3391 sunti
461 3329 519 3392 Cur
540 3333 569 3390 in
590 3330 897 3404 circumductionibus,
924 3328 1009 3386 etiam
1029 3342 1093 3384 curn

88 3430 195 3473 sensus
210 3413 305 3473 linitus
321 3423 382 3491 est,
401 3414 509 3493 aliquid
524 3423 619 3474 tamen
635 3413 694 3474 loci
713 3431 819 3475 vacare
834 3406 987 3472 videatur?
1030 3407 1153 3470 Nur-119
1172 3445 1177 3456 ·

88 3497 199 3558 nonem
212 3505 346 3559 oestrum
359 3501 506 3580 ipnorore
520 3499 674 3576 arbitror,
688 3498 823 3574 iudices,
834 3497 925 3589 ‘donc
934 3513 995 3574 per
1005 3494 1096 3557 bosco
