2494 3952
364 207 452 256 rnen.
467 206 615 255 cosroe.
628 207 696 254 cun.
710 203 800 273 rx,4.
1015 195 1075 256 127

65 363 208 424 iudicium
232 379 324 422 meum
356 361 529 422 ostendero:
565 379 645 420 suum
672 370 767 421 tamen
794 361 957 439 legentibus
986 362 1073 422 relin-

89 463 165 506 nam.

66 467 86 526 q
155 529 258 608 Neque
280 520 383 606 ignoro
409 528 547 607 quosdam
570 547 654 604 esse,
676 529 723 607 qui
747 547 843 597 curam
864 546 976 588 omnem
997 546 1105 600 eom-3

66 615 223 693 positionis
246 611 417 688 excludant,
445 621 531 689 atque
557 613 638 672 illum
661 612 806 674 borridum
837 630 1015 689 sermonem,
1044 624 1074 674 ut

66 699 148 758 forte
161 697 292 770 luxerit,
309 695 394 756 modo
411 697 502 772 magis
520 696 676 756 naturalem
694 695 780 755 modo
799 698 884 756 etiam
899 698 990 773 magis
1007 699 1073 756 viri·

66 782 129 842 lem
145 798 214 840 esse
229 779 411 840 contendant.
442 779 497 852 Qui
517 781 540 837 si
556 779 585 838 id
602 780 714 839 demum
730 779 860 839 naturale
879 798 947 840 esse
967 781 1073 856 dicunt,

67 864 149 943 quod
172 874 305 924 anatum
328 865 448 942 primurn
470 871 562 922 ortum
580 871 672 922 estet
693 862 778 941 quale
796 873 862 923 ante
879 865 986 924 cultum
1006 865 1072 924 luit:

67 957 133 1008 tota
155 947 228 1008 baec
249 966 295 1006 ars
319 946 418 1006 orandi
439 945 622 1006 subvertitur.
668 944 770 1024 Neque
793 948 868 1006 enim
896 947 985 1010 locuti
1009 956 1106 1016 sunta

67 1031 105 1092 ad
132 1031 205 1090 banc
226 1031 356 1107 regulam
377 1039 407 1090 ct
426 1029 604 1106 diligentiam
620 1030 703 1128 primi
723 1031 872 1106 homines,
891 1049 947 1090 nec
967 1048 1072 1109 prooe-

67 1117 135 1175 miis
159 1132 351 1192 praeparare,
373 1116 482 1176 doecre
506 1115 706 1191 expositione,
738 1117 913 1190 argumentis
936 1115 1072 1193 probare,

69 1197 224 1259 affectibus
241 1214 425 1258 commovere
442 1199 578 1256 scierunt.
610 1195 690 1274 Ergo
708 1197 752 1257 bis
764 1198 916 1273 omnibus,
934 1216 991 1258 non
1010 1199 1075 1258 sola

69 1283 283 1359 compositione
300 1289 470 1348 caruerunt;
494 1298 614 1358 quorum
630 1299 653 1340 su
647 1281 731 1340 lieri
753 1282 822 1341 nibil
837 1281 939 1341 melius
956 1281 1072 1356 licebat,

68 1385 106 1426 nc
128 1364 259 1426 domibus
282 1364 396 1444 quidem
420 1382 503 1424 casas
527 1373 575 1424 aut
590 1365 721 1424 cestibus
740 1365 858 1442 pellium
880 1367 1006 1442 tegmina
1026 1375 1074 1426 aut

68 1449 189 1508 urbibus
209 1458 321 1509 montes
344 1466 378 1508 ac
399 1449 488 1508 silvas
508 1449 610 1508 mutari
634 1451 770 1527 oportuit.
817 1448 897 1522 Quae
915 1465 1002 1527 porro
1025 1460 1138 1512 orso..

69 1536 167 1594 statim
189 1531 262 1592 fuit?
290 1532 357 1610 quid
376 1549 433 1591 non
456 1531 533 1592 cultu
555 1529 701 1593 mitescit?
730 1550 781 1592 cur
797 1535 872 1592 vites
902 1550 1072 1593 coercemus

69 1613 175 1676 manu?
191 1634 242 1678 cur
258 1634 308 1677 eas
323 1612 466 1676 fodimus?
482 1615 570 1676 rubos
586 1619 661 1676 arvis
680 1614 859 1676 excidimus?
877 1625 955 1677 terra
973 1626 1001 1676 et
1018 1617 1073 1676 bos

73 1710 207 1776 generat;
232 1698 470 1760 mansuefacimus
487 1697 638 1759 animalia?
662 1701 797 1760 indomita
813 1710 977 1761 nascuntur.
1014 1700 1072 1759 Ve-

73 1783 180 1842 numid
208 1793 253 1844 est
277 1785 399 1844 maxime
422 1783 569 1858 naturale,
592 1783 669 1860 quod
690 1784 753 1843 lieri
775 1793 874 1844 natura
898 1785 1005 1862 optime
1022 1801 1071 1862 pa·

70 1869 148 1927 titur.
180 1865 295 1928 Fortius
306 1882 378 1928 vero
398 1867 465 1944 quid
480 1867 700 1944 incompositum
715 1876 813 1944 potest
828 1885 895 1925 esse
914 1885 997 1946 quam
1012 1869 1101 1932 vin-6

72 1960 149 2010 ctum
167 1960 197 2010 et
219 1951 294 2011 bene
317 1948 512 2012 collocatum?
553 1949 668 2028 Neque,
692 1952 717 2009 si
741 1952 822 2028 parvi
844 1949 936 2028 pedes
951 1953 1006 2010 vim
1023 1950 1071 2008 de·

68 2034 185 2094 trabunt
199 2035 302 2110 rebus,
322 2044 352 2094 ut
364 2034 556 2095 Sotadeorum
572 2043 601 2094 et
614 2033 837 2094 Galliamborum
853 2043 882 2093 et
897 2034 1073 2111 quorundam

15 2167 17 2194 ,
67 2122 98 2181 in
115 2120 246 2178 oratione
263 2120 347 2178 simili
365 2136 458 2196 paene
473 2118 589 2178 licentia
608 2118 834 2193 lascivientium,
854 2120 1072 2196 compositionis

70 2211 117 2262 est
133 2201 320 2263 iudicandum.
363 2200 498 2263 Getarum
515 2211 619 2280 quanto
636 2201 835 2261 vehementior
849 2199 992 2262 fluminum
1009 2212 1100 2266 our-7

16 2339 17 2348 ,
70 2304 122 2345 sus
144 2293 189 2344 est
210 2303 302 2365 prono
325 2286 410 2346 alueo
433 2304 467 2344 ac
484 2285 578 2345 nullas
600 2302 694 2345 moras
717 2284 871 2345 obiiciente
894 2302 977 2364 quam
998 2286 1073 2343 inter

15 2423 17 2438 2
69 2369 215 2430 obstantia
236 2387 307 2429 saxa
333 2369 433 2430 fractis
457 2371 539 2447 aquis
560 2387 594 2428 ac
615 2368 838 2429 reluctantibus:
871 2377 968 2443 tanto,
998 2385 1072 2445 quae

70 2469 203 2514 connexa
224 2462 270 2514 est
289 2462 319 2513 et
339 2455 407 2513 totis
427 2453 535 2512 uiribus
562 2452 638 2528 butt,
664 2453 781 2530 fragosa
803 2461 890 2531 atque
914 2454 1072 2530 interrupta

68 2536 174 2597 melior
202 2539 305 2598 oratio.
356 2535 414 2597 Gur
435 2553 507 2614 ergo
530 2538 608 2597 vires
632 2538 710 2615 ipsas
737 2537 837 2615 specie
863 2537 938 2595 solvi
962 2545 1072 2614 putent,

70 2620 186 2700 quaudo
199 2639 248 2680 res
264 2639 319 2680 nec
332 2620 390 2681 ulla
406 2621 467 2680 sine
483 2622 630 2680 artasatis
646 2621 759 2696 valeat,
783 2629 813 2678 et
832 2621 983 2679 comitetur
998 2637 1071 2678 sem-

69 2721 125 2781 per
148 2713 238 2763 artem
262 2701 373 2764 decor?
414 2703 460 2764 Αιι
483 2719 540 2762 non
563 2721 644 2779 eam,
673 2722 748 2782 quae
764 2704 867 2762 emissa
888 2705 994 2781 optime
1017 2709 1102 2776 est‚8
1170 2781 1171 2786 η

69 2787 181 2848 hastam
201 2789 417 2866 speciosissime
439 2795 597 2848 contortam
618 2789 688 2847 ferri
710 2786 853 2853 videmus;
877 2795 905 2846 et
921 2803 989 2845 arcu
1006 2785 1071 2845 diri·
1160 2831 1161 2836 1

69 2872 198 2947 gentium
219 2871 297 2945 tela,
319 2887 376 2950 quo
395 2873 503 2932 certior
523 2889 638 2947 manus,
654 2871 717 2930 boc
737 2879 781 2930 est
796 2869 909 2930 babitus
931 2873 994 2948 ipse
1012 2870 1071 2928 lor·

69 2951 202 3013 mosior‘i
247 2953 305 3014 lam
326 2956 481 3014 certamine
507 2972 648 3015 armorum
672 2962 758 3031 atque
780 2956 807 3012 in
829 2956 903 3013 omni
924 2952 1072 3032 palaestra

70 3037 137 3116 qnid
155 3038 225 3098 satis
242 3047 324 3098 recte
343 3047 462 3098 cavetur
476 3056 511 3098 ac
526 3040 649 3116 petitur,
675 3040 720 3097 cui
736 3055 793 3096 non
808 3038 913 3097 artilex
932 3046 1026 3096 motus
1043 3044 1071 3095 et

69 3121 143 3181 certi
159 3120 273 3200 quidam
293 3121 385 3199 pedes
408 3119 534 3186 assint‘l,
559 3121 655 3195 Quare
675 3121 742 3180 mibi
764 3121 975 3199 compositione
992 3119 1100 3178 uelut9

69 3207 191 3264 amentis
216 3204 384 3283 quibusdam
409 3207 558 3266 nervisve
569 3204 676 3264 intendi
699 3213 728 3265 ct
749 3205 887 3264 concitari
910 3204 1070 3263 sententiae

68 3288 211 3348 videntur
249 3287 378 3367 Ideoque
390 3289 582 3350 eruditissimo
598 3291 702 3366 cuique
713 3305 882 3367 persuasum
895 3295 954 3362 est,
970 3285 1072 3345 valere

15 3385 17 3390 ·
69 3389 131 3431 eam
157 3371 309 3470 plurimum
335 3388 392 3432 non
411 3371 452 3436 ad
478 3373 699 3432 delectationem
720 3371 805 3432 modo
830 3370 884 3431 sed
910 3369 945 3430 ad
965 3377 1071 3427 motum

68 3472 187 3535 quoque
205 3457 370 3516 animorum.
413 3455 533 3516 Primum
553 3457 619 3533 quia
638 3445 707 3515 nibil
726 3457 834 3514 intrare
849 3453 970 3532 potest
961 3470 990 3511 ιιι
1004 3451 1073 3512 alie·
1081 3461 1115 3512 10
