2508 3958
167 149 230 214 264
482 156 843 218 uuamoumummur

168 318 247 398 cepit
266 317 435 393 imaginem,
456 323 488 373 ut
509 313 635 375 diceret:
658 311 699 375 llt
718 312 824 376 dalecc
841 312 978 374 moderas
997 311 1167 374 rescindent·

124 409 217 468 attur
238 396 360 480 Arpos?
387 397 444 459 Ubi
464 415 536 458 sero
557 399 742 458 miseratione
763 414 836 475 opus
859 398 927 457 erit:
948 395 1032 456 nobis
1054 412 1106 472 ea,
1130 396 1169 456 de

168 483 271 564 quibus
286 499 456 562 queremur,
477 482 621 544 accidisse
643 480 792 540 credamus
807 489 893 558 atque
912 479 940 540 id
956 483 1050 541 auimo
1063 489 1167 540 nostro

161 568 402 648 persuadeamus.
433 563 495 626 llos
515 567 675 642 illicimus,
696 581 770 642 quos
785 566 903 641 gravia,
923 564 1057 642 indigna,
1073 565 1170 624 tristia
1237 621 1238 630 ,

166 667 271 732 passos
288 667 456 730 queremur,
478 667 534 710 nec
558 665 675 728 agamus
688 665 754 708 rem
776 648 858 728 quasi
871 647 995 708 alienam
1016 648 1069 709 sed
1084 665 1169 709 aesn-
1237 719 1238 734 χ

166 735 274 796 marum
289 751 444 814 pammper
457 732 537 794 illum
549 733 690 794 dolorem.
721 731 766 792 ite
783 732 922 808 dicemus,
938 749 1013 810 quae
1025 734 1054 793 iu
1065 741 1170 793 nostro
1237 741 1238 792 t

124 819 252 884 adsimili
268 835 337 880 ossa
350 819 456 879 dicturi
474 833 614 877 essemus.
643 815 712 876 Vidi
727 832 785 892 ego
795 833 891 894 saepe
908 816 1066 877 histriones
1078 827 1170 896 atque

168 903 344 980 comoedos,
370 919 432 962 cum
447 918 485 960 cx
499 900 597 979 aliquo
611 901 748 978 graviore
762 908 828 959 actu
843 916 999 978 personam
1013 901 1165 980 deposuis·
1237 921 1238 942 ι

165 995 247 1062 sent,
270 985 374 1046 ilerdae
391 984 484 1045 adhuc
505 984 616 1062 agredi.
659 983 772 1065 Quodsi
790 983 820 1042 in
836 983 944 1045 alienis
964 985 1082 1064 scriptis
1103 981 1165 1044 sole

165 1071 359 1150 pronuntiatio
375 1069 414 1128 ita
430 1067 512 1128 ialsis
527 1053 641 1128 aceedit
654 1066 823 1127 affectibus:
851 1068 919 1145 quid
936 1083 993 1128 nos
1015 1069 1167 1144 iaciemus,

168 1156 217 1233 qui
231 1153 280 1215 illa
296 1155 426 1231 cogitare
442 1151 579 1212 debemus
599 1159 630 1211 et
650 1152 761 1212 moveri
781 1151 1003 1229 periclitantium
1017 1154 1083 1213 ricc
1098 1167 1167 1231 pos·

16 1309 17 1312 ¹
124 1234 284 1302 cosumus?
318 1237 380 1298 Sed
402 1237 439 1316 in
459 1235 560 1297 solrola
578 1251 698 1314 qnoque
718 1235 806 1295 relsus
830 1235 903 1315 ipsis
928 1235 1006 1298 allici
1032 1237 1170 1297 convenit

46 1323 49 1326 ’
166 1338 277 1399 easque
289 1337 378 1380 seras
391 1320 447 1380 silri
462 1321 591 1398 lingere,
609 1317 667 1380 lroc
680 1322 771 1396 magis
788 1319 865 1398 quod
878 1319 939 1380 illic
957 1329 990 1380 ut
1005 1319 1171 1398 litigatores

167 1403 311 1482 loquimur
329 1404 509 1482 frequentias
530 1419 613 1481 quam
636 1411 666 1463 ut
684 1403 829 1464 advocati.
876 1401 984 1463 Orbum
1004 1405 1116 1481 agimus
1140 1411 1169 1464 et
1237 1413 1238 1420 ’

166 1487 334 1563 nauiragum
357 1496 386 1548 at
406 1486 633 1564 periclitantem,
654 1501 775 1564 quorum
795 1487 916 1548 induero
934 1505 1077 1566 personas
1100 1487 1170 1566 quid

167 1572 279 1646 attinet,
293 1571 349 1630 nisi
361 1570 484 1631 allectus
499 1567 689 1632 assumimus?
714 1569 798 1631 llaec
809 1569 1011 1631 dissimulanda
1024 1569 1095 1630 milri
1109 1587 1170 1631 uon

165 1655 299 1732 morunt,
315 1653 421 1733 quillus
434 1655 517 1733 ipse,
534 1662 772 1734 quantuscunque
788 1671 849 1714 sum
863 1665 913 1716 ant
927 1654 978 1732 iui,
993 1651 1170 1734 pervenisse

40 1805 41 1808 Ἴ
166 1738 265 1798 mead
280 1737 397 1818 aliquod
411 1751 515 1799 nomeu
534 1740 642 1816 ingenii
657 1739 761 1807 credc;
783 1738 953 1817 frequenter
974 1747 1069 1799 motus
1092 1757 1168 1816 eum,

166 1831 197 1882 ut
211 1838 257 1882 me
271 1838 329 1883 noa
344 1822 480 1883 lacrimae
493 1823 589 1884 solum
607 1822 860 1902 deprehenderent
874 1823 934 1884 sed
948 1821 1045 1904 pallor
1060 1831 1090 1884 et
1101 1823 1170 1884 seri

167 1905 268 1966 similis
281 1905 375 1968 dolor.

593 1989 737 2042 nutamu.
982 2053 985 2058 ,

251 2067 300 2130 lll.
323 2069 403 2132 -llulc
420 2069 538 2132 diversa
560 2073 663 2148 virtus,
685 2089 759 2150 qrrae
775 2072 805 2131 ri
811 2089 885 2134 sum
902 2071 1005 2134 iudicis
1021 2071 1167 2134 movendo

167 2163 197 2215 et
213 2153 282 2214 illos
298 2153 397 2218 tristes
413 2154 504 2215 solvit
517 2155 640 2216 adactus
657 2165 686 2216 et
707 2157 827 2216 animum
844 2155 880 2216 ab
896 2156 1056 2218 intentione
1070 2171 1165 2218 rerum

167 2239 338 2317 frequenter
347 2241 456 2300 evortit
473 2247 502 2301 et
514 2239 668 2320 adunallo
685 2241 770 2301 etiam
784 2240 879 2300 reiicit
894 2249 954 2301 cta
969 2241 1105 2302 satietate
1117 2239 1168 2301 sel

15 2333 20 2364 '-
165 2322 367 2398 adstigatione
381 2332 512 2384 renovat.
539 2323 707 2398 Quantasssit
720 2331 815 2386 autem
828 2325 858 2386 in
873 2342 912 2385 ea
930 2323 1168 2404 difficultas,

35 2459 54 2466 ,
129 2413 130 2416 ’
166 2405 216 2464 rel
234 2404 293 2464 duo
315 2407 438 2466 manius
459 2415 608 2484 oratores,
631 2407 707 2468 aiter
724 2407 856 2469 Graecae
877 2407 952 2468 alter
969 2407 1090 2470 Latinae
1106 2409 1169 2470 elo·

15 2485 28 2620 'p
138 2489 475 2633 tpppentipeprppnoipep
494 2490 609 2589 docent.
636 2489 710 2636 glast:
717 2491 855 2637 pgrioue
866 2490 1169 2636 llempptlaenpffiacul·

209 2589 255 2631 em
290 2591 307 2633 e
366 2591 400 2633 se
435 2591 499 2634 urus
525 2591 634 2636 rercne
655 2593 691 2636 an
763 2593 936 2637 rccrourm
975 2595 1012 2636 m.
1072 2595 1169 2638 ecar-

15 2637 47 2726 ug,
166 2655 229 2715 deri
252 2665 356 2744 potest
380 2652 509 2720 noluisse
531 2621 764 2736 Demosthene,
788 2661 870 2721 cuius
885 2678 985 2740 pnuca
1014 2660 1169 2722 admodum

164 2737 243 2800 dicta
269 2757 326 2801 noc
351 2756 422 2804 sane
452 2743 558 2803 ceteris
583 2745 646 2804 eius
671 2743 823 2805 virtutibus
843 2743 1049 2824 respondentia
1065 2743 1170 2824 palam

123 2903 276 2968 ,filiaster
296 2926 369 2969 vero
389 2923 448 2968 non
467 2910 562 2970 solum
577 2921 663 2972 extra
677 2911 781 2973 iudicia
793 2912 850 2973 sed
863 2915 894 2974 'in
909 2913 981 2994 ipsis
997 2913 1084 2972 etiam
1102 2930 1168 2974 ora·

164 2987 291 3049 menidam
314 2991 430 3058 tronus
458 3001 504 3053 est
523 2995 625 3055 nimius
644 2997 720 3056 risus
744 2997 906 3058 affectator.
942 2991 1012 3059 liilri
1032 2995 1166 3076 quidem,

41 3073 62 3118 u
84 3085 87 3096 ·
164 3072 228 3132 sice
241 3073 368 3136 ldreute
382 3075 481 3138 iudico
500 3079 564 3138 sive
585 3096 684 3140 amore
708 3081 861 3142 immodico
882 3082 1034 3161 praecipui
1055 3082 1086 3140 in
1102 3080 1167 3141 elo·

165 3158 281 3244 pisum
295 3159 465 3236 visitator,
480 3161 550 3221 mira
567 3162 707 3240 quaedam
721 3165 750 3223 in
765 3182 801 3225 eo
817 3165 932 3226 videtur
942 3160 1142 3226 inissetrr'lsau

123 3245 217 3302 ²dtas.
246 3239 318 3302 Nam
333 3251 364 3304 at
376 3244 405 3304 iu
424 3261 560 3305 sermone
576 3246 720 3308 cotidiano
735 3247 824 3309 multa
840 3259 869 3310 et
882 3251 913 3310 in
926 3247 1141 3311 altercationllo

36 3327 97 3414 ..ζ-ἰζὰ11
164 3323 194 3382 et
214 3323 428 3406 interrogandis
443 3327 570 3390 testibus
591 3329 674 3408 plura
695 3348 778 3410 quam
798 3335 949 3414 quisquam
965 3331 1037 3394 dixit
1051 3332 1129 3394 lacet

164 3416 194 3466 et
213 3409 277 3486 ipsa
300 3409 367 3488 itta,
390 3429 465 3492 quae
483 3420 548 3474 sunt
563 3415 593 3474 in
606 3413 729 3475 Verrem
743 3415 819 3478 dicta
836 3419 985 3495 frigidius,
1008 3415 1074 3478 aliis
1093 3433 1133 3476 aar

17 2567 53 2648 νη.)

15 2705 63 2892 ᾗ,
166 2821 337 2900 ostendunt,
362 2842 421 2886 non
450 2825 633 2905 displicuisse
662 2828 705 2888 illi
724 2830 808 2889 icem
832 2827 885 2893 sed
907 2845 968 2890 non
993 2827 1167 2906 contigisse.

15 2827 72 3084 ι

39 3093 78 3180 iis
88 3127 92 3134 ’
