2436 3956
178 216 220 280 98
487 229 523 276 ιι.
540 199 853 288 FAB.QU1me1ANl
934 229 941 240 ι

179 382 363 464 consumptis
380 383 458 445 enim
473 383 612 446 tacrtmts
625 380 738 460 inicus
753 387 854 442 tumen
872 381 990 460 pectori
1004 382 1113 449 bam-et
1128 385 1176 442 do

178 470 244 538 lor,·
262 477 291 530 et

406 583 448 597 --
463 548 596 629 lingone
613 568 695 610 nomo
714 547 822 609 bitoito
837 556 950 608 terrae.
1209 603 1210 606 ,

135 635 264 712 ιιΩιιοιι
290 634 602 696 exclamationem
635 632 748 711 qnidam
774 639 881 690 vocant
905 641 1075 709 ponuntque
1109 633 1210 720 inter

179 722 285 799 figuras
301 720 449 779 orationis.
486 717 565 778 llaec
587 718 720 795 quotiens
743 731 814 775 vera
838 722 917 790 sunt,
941 731 999 774 non
1013 723 1082 774 sunt
1104 717 1131 773 in
1147 735 1180 774 ea

178 805 282 879 forma,
298 803 334 862 de
351 819 407 881 qua
421 819 497 862 nuno
511 801 669 880 loquimur,
687 798 739 858 scd
755 796 919 857 assimulata
938 807 1045 859 etanta
1062 814 1180 876 compo-

179 889 233 948 sita
259 886 362 965 procul
384 884 470 946 dubio
493 885 640 945 schemata
668 890 734 942 sunt
754 881 952 942 existimanda
997 881 1086 955 Quod
1107 883 1180 941 idern

180 972 285 1034 dietum
301 971 337 1028 ιιι
352 968 388 1028 de
410 969 541 1028 oratione
542 968 668 1110 tilhere,
691 983 774 1043 quarn
798 961 969 1026 Cornificius
990 965 1211 1028 licentiam

179 1063 277 1128 uocat
298 1050 402 1112 Graeci
424 1050 554 1132 παῤῥησί
552 1074 601 1112 αν
640 1048 715 1122 Quid
732 1049 808 1108 enim
821 1049 913 1108 minus
928 1039 1082 1126 figuratum
1100 1067 1184 1127 quam

137 1149 249 1204 assera
271 1133 413 1196 libertas?
444 1134 503 1195 Sed
524 1133 694 1212 frequenter
717 1131 770 1191 sub
785 1131 840 1191 bae
858 1131 933 1192 iaoie
954 1133 1025 1192 latet
1043 1131 1181 1192 adulatio.

180 1219 252 1282 Nam
267 1217 373 1279 Cicero
389 1236 453 1278 cum
468 1217 536 1278 dicit
552 1235 604 1296 pro
624 1217 755 1294 Ligario
771 1207 921 1295 Suscepto
937 1217 1029 1292 bello,
1050 1213 1183 1293 Caesar,

177 1312 263 1385 gesto
278 1304 340 1364 iom
355 1304 444 1371 etiam
460 1323 500 1364 es
511 1309 604 1381 purte
618 1318 746 1378 myrto,
766 1300 853 1360 mullo
869 1301 900 1362 ci
914 1307 1042 1362 coactus
1056 1302 1184 1362 coactitio

181 1407 221 1448 oe
235 1388 388 1447 voluntate
402 1405 471 1447 meo
485 1387 529 1446 ud
544 1404 582 1446 eo
602 1403 693 1445 armo
711 1383 970 1462 profectusum,
991 1399 1073 1461 quae
1095 1394 1183 1446 erunt

181 1480 302 1549 sumptu
324 1477 431 1530 contro
451 1477 496 1529 to:
519 1483 576 1526 non
597 1467 690 1527 solum
713 1467 747 1526 ad
769 1465 920 1532 utilitatem
933 1466 1040 1544 Ligarii
1061 1469 1184 1548 respicit

138 1555 235 1622 noted
250 1553 341 1630 magis
363 1550 481 1612 laudare
498 1551 617 1611 victoris
642 1550 825 1612 clementiam
844 1566 901 1610 non
921 1558 1030 1628 potest.
1077 1550 1112 1612 ln
1136 1553 1182 1612 illa

181 1655 254 1697 vero
274 1638 431 1696 sententia:
449 1632 531 1709 Qum
548 1642 649 1696 autern
665 1636 752 1696 obad
767 1635 893 1713 egimus,
915 1633 1045 1711 Tubero,
1062 1637 1127 1697 misi
1141 1645 1182 1710 ut,

181 1722 265 1800 qood
278 1721 327 1781 lu'c
340 1728 448 1799 potest,
463 1737 520 1780 mos
531 1721 710 1799 possemus?
725 1717 930 1778 admirabiliter
950 1719 1104 1818 utriusque
1120 1738 1183 1798 par-

181 1807 218 1865 ιιι
234 1804 302 1864 iacit
317 1803 421 1864 bonam
441 1819 571 1872 oausnm;
587 1801 640 1863 sed
658 1803 715 1862 boe
737 1819 801 1860 eum
816 1801 992 1902 demeretur,
1010 1803 1094 1862 cuius
1111 1803 1183 1863 mala

181 1888 284 1947 iuerat.

265 1969 319 2031 llla
342 1970 435 2031 adhuc
455 1971 609 2031 audaciora
633 1978 662 2030 et
676 1971 813 2031 maiorum
830 1971 883 2048 (ιιι
900 1967 1005 2029 Cicero
1021 1971 1216 2050 existimat)

181 2055 319 2130 laterum,
351 2055 534 2116 iictiones
558 2070 819 2133 personarum,
851 2070 925 2151 quae
945 2049 1183 2132 npocmmouotim

181 2138 322 2198 dicuntur.
354 2135 426 2197 lilire
441 2155 564 2217 namque
580 2155 642 2197 oum
665 2139 776 2197 variant
791 2138 950 2197 orationem
966 2145 1025 2198 tum
1043 2139 1183 2199 excitant

139 2221 233 2286 tollis
256 2230 284 2282 et
305 2223 536 2282 adversariorum
558 2222 750 2298 cogitationes
771 2221 852 2282 velut
877 2239 976 2283 seeum
1005 2220 1185 2300 loquentium
1215 2259 1216 2274 ι

182 2305 394 2385 protrahimus,
417 2323 492 2383 quae
514 2314 609 2364 tamen
631 2307 669 2364 ita
685 2303 796 2364 demum
812 2322 829 2364 a
845 2303 901 2365 lide
922 2321 979 2364 non
995 2305 1186 2381 abhorreant,

183 2389 207 2447 si
222 2406 257 2448 ea
272 2387 387 2448 locutos
407 2387 587 2464 finxerimus,
613 2407 687 2468 quae
710 2389 858 2465 cogitasse
879 2405 931 2448 eos
957 2389 1068 2448 nonsit
1083 2389 1185 2450 absur-

182 2472 263 2538 dum:
294 2479 323 2530 et
348 2478 465 2540 nostros
494 2489 557 2530 cum
586 2472 649 2530 aliis
674 2489 824 2532 sermones
853 2481 883 2532 et
903 2471 1025 2532 aliorum
1048 2474 1128 2532 inter
1153 2489 1186 2532 ss
1215 2505 1216 2556 ι

181 2553 361 2615 credibiliter
385 2555 605 2624 introducimus;
621 2565 658 2616 et
692 2555 855 2629 suadendo,
887 2553 1086 2634 obiurgando,
1114 2574 1216 2636 que·

139 2636 293 2714 oriendo,
298 2637 451 2718 laudando,
476 2639 639 2698 miserando
661 2655 802 2718 personas
823 2638 942 2699 idoneas
963 2639 1073 2699 damus.
1111 2640 1186 2714 Quin
1215 2665 1216 2672 ι

182 2721 328 2782 deducere
343 2721 441 2783 deos
432 2740 460 2781 rn
474 2721 532 2783 boe
547 2739 657 2798 genere
674 2721 788 2783 dicendi
803 2731 833 2784 et
849 2722 958 2782 inieros
970 2725 1102 2784 excitare
1116 2741 1185 2784 con·

182 2823 298 2865 cessum
320 2813 374 2866 est.
407 2805 503 2867 Urbes
527 2806 611 2866 etiam
632 2806 791 2885 populique
811 2823 915 2867 rocem
936 2807 1093 2885 accipiunt.
1141 2807 1186 2866 Au

181 2898 246 2948 sunt
261 2888 384 2967 quidam,
402 2889 517 2968 quibas
535 2890 646 2950 demum
662 2891 900 2970 προσωποποιΐας
917 2891 1048 2968 dicant,'
1039 2909 1069 2950 rn
1081 2891 1186 2970 quibus

182 2980 212 3032 et
227 2989 352 3050 corpora
369 2981 398 3032 et
420 2971 511 3034 verba
534 2973 681 3050 flugimns;
707 2991 858 3034 sermones
872 2974 1016 3034 bominum
1034 2973 1184 3034 assimula-

159 3089 161 3094 .
181 3064 227 3117 tos
243 3055 343 3116 dicere
366 3051 522 3136 διαλόγους
540 3057 663 3131 malunt,
688 3057 766 3136 quod
785 3056 949 3120 Latinorum
971 3057 1087 3136 quidam
1105 3058 1185 3119 dixe·

137 3147 246 3205 aurunt
261 3142 620 3200 sermocinationem.
647 3138 713 3218 Ego
733 3142 788 3201 ism
803 3150 925 3220 recepto
937 3157 1019 3201 more
1031 3149 1186 3220 utrumque

182 3224 286 3284 eodem
308 3224 394 3283 modo
417 3222 573 3302 appellavi.
610 3223 683 3285 Nam
706 3233 788 3285 certe
804 3241 899 3285 sermo
916 3225 984 3302 fingi
1001 3241 1059 3284 non
1074 3234 1185 3304 potest,

180 3317 211 3368 ut
232 3323 289 3367 non
307 3323 452 3385 personae
474 3323 570 3366 sermo
589 3308 721 3386 fingatur.
767 3308 826 3370 Sed
848 3309 876 3368 in
899 3308 960 3383 bis,
984 3325 1059 3387 quae
1084 3317 1187 3368 natura

129 3440 132 3474 ι
180 3407 238 3450 non
256 3391 404 3468 permittit,
422 3390 480 3450 boc
494 3390 580 3451 modo
595 3390 712 3452 mollior
723 3391 755 3452 lit
771 3391 878 3469 ligura:
896 3389 1016 3454 Etenim
1026 3393 1187 3454 sinemur

129 3483 132 3489 “
177 3475 301 3552 putria,
326 3489 407 3553 quae
424 3475 497 3537 mibi
515 3477 578 3537 uita
601 3491 671 3536 meo
690 3475 782 3538 multo
808 3483 854 3537 est
877 3478 999 3553 camos,
1023 3478 1052 3537 si
1071 3483 1188 3537 cuncto
