2470 3962
382 237 782 306 uusu.oranu0u.n1s.x1,
800 239 826 292 o.
1037 229 1097 290 219

87 394 235 471 linguntur
246 392 414 468 imitatione,
427 391 652 462 artemhabent;
671 392 725 453 sed
736 392 765 453 bi
777 403 877 454 carent
888 403 998 471 natura,
1016 395 1097 457 ideo·

89 494 149 556 que
164 471 241 535 iniis
254 477 374 555 primum
389 485 433 536 est
444 475 520 538 bene
536 472 614 536 allici
625 486 656 536 et
667 477 827 554 concipere
844 478 984 556 imagines
999 496 1096 539 rerum

89 571 121 620 et
136 569 269 638 tanquam
284 560 363 620 veris
382 560 502 620 moveri.
540 561 591 620 Sic
604 559 685 620 uelut
704 559 798 621 media
814 577 889 636 vox,
914 580 999 641 quem
1015 561 1095 624 habi·

88 653 147 704 tum
165 642 281 704 anobis
296 644 461 724 acceperit,
483 641 558 703 hunc
580 643 703 704 iudicum
718 643 818 703 animis
834 643 922 704 dubit.
951 643 1005 706 llst
1021 646 1096 706 enim

87 727 192 787 mentis
209 726 297 787 index
314 743 350 786 ao
367 726 497 802 totidem,
516 734 586 804 quot
603 725 664 802 illa,
679 727 852 787 mutationes
868 725 965 788 habet.
995 727 1139 808 ltaquoot
1162 763 1194 782 ..

87 811 176 871 laetis
196 811 225 870 in
238 807 327 870 rebus
341 808 429 888 plena
445 817 475 869 et
491 807 616 888 simplex
637 811 745 888 etipsa
764 810 974 888 quodammodo
996 809 1095 872 hilaris
1125 810 1128 819 '

86 895 165 962 unte
187 894 216 953 in
231 893 388 954 certamine
404 901 505 953 erecta
520 893 589 954 totis
607 892 717 952 viribus
738 901 767 952 et
783 892 864 954 uelut
882 893 1014 954 omnihus
1029 900 1094 955 ne'r·
1171 966 1174 970 y

6 1009 16 1016 -
86 979 132 1036 vis
155 976 320 1038 intenditur.
357 976 451 1037 Atrox
471 977 500 1035 in
521 977 563 1036 ira
587 985 616 1036 et
639 993 745 1054 aspera
768 994 803 1036 ac
818 976 908 1039 densa
925 986 954 1037 et
969 980 1094 1056 respira·

86 1063 168 1121 tione
190 1059 303 1120 crebra.
337 1057 442 1140 Neque
460 1061 535 1120 enim
550 1068 648 1138 potest
666 1077 733 1119 esse
750 1058 855 1138 longus
872 1061 1007 1140 spiritus,
1030 1079 1095 1122 oum

87 1143 275 1204 immoderate
297 1142 460 1205 effunditur.
502 1143 619 1204 Paulum
642 1144 670 1203 in
691 1142 798 1207 invidia
822 1144 955 1205 iacienda
977 1144 1094 1220 lentior,

87 1229 154 1308 quia
175 1244 234 1287 non
255 1227 319 1288 iere
341 1227 377 1288 ad
393 1225 468 1287 banc
483 1227 537 1286 uisi
552 1226 707 1287 inferiores
727 1226 909 1304 coniugiunt;
931 1237 959 1288 at
971 1229 1000 1288 iu
1014 1227 1097 1289 blan·

86 1311 210 1388 diendo,
227 1309 365 1387 latendo,
382 1310 606 1386 satisfaciendo,
628 1310 776 1387 rogando,
798 1310 874 1371 lenis
891 1320 920 1372 et
934 1313 1094 1388 summissa.

85 1395 271 1456 Suadentium
299 1404 329 1455 et
350 1395 524 1454 monentium
548 1403 578 1455 et
604 1393 801 1473 pollicentium
829 1403 860 1454 et
887 1394 1139 1458 consolantiumot

84 1481 194 1557 gravis.
224 1477 257 1538 ln
274 1485 391 1538 metuet
405 1476 583 1539 verecundia
598 1483 757 1554 contractu,
771 1477 1020 1540 adhortationibus
1035 1479 1094 1540 ior-

85 1567 135 1638 tis,
153 1561 394 1641 disputationibus
410 1570 499 1637 teres,
515 1563 701 1622 miseratione
716 1561 793 1623 flexa
810 1570 839 1622 et
856 1562 963 1623 debilis
979 1570 1009 1622 et
1027 1567 1094 1623 oon‘-
1198 1595 1201 1597 Δ

68 1647 164 1707 ·sulto
186 1647 268 1725 quasi
294 1645 461 1714 obscurior;
485 1653 514 1706 at
537 1646 566 1705 in
592 1645 812 1722 egressionibus
834 1645 898 1706 lusa
920 1655 951 1707 et
971 1663 1095 1708 securae

87 1731 243 1805 claritatis,
268 1731 297 1789 in
314 1729 498 1808 expositione
520 1747 555 1789 uc
577 1728 758 1790 sermonibus
779 1738 860 1790 recta
886 1738 916 1790 et
936 1731 1012 1790 inter
1027 1748 1094 1790 acu·
1153 1794 1157 1798 ,

86 1825 145 1874 tum
167 1831 267 1878 sonum
289 1820 318 1874 et
336 1829 456 1890 grauem
478 1812 582 1873 media.
611 1811 761 1873 Attollitur
776 1822 870 1873 autem
886 1814 1037 1873 concitatis
1053 1813 1140 1874 aiot

86 1898 229 1973 lectibus,
254 1896 423 1976 compositis
437 1895 591 1957 descendit
607 1912 660 1975 pro
677 1896 826 1974 utriusque
842 1897 887 1956 rei
903 1897 989 1957 modo
1011 1896 1095 1956 altius

85 1981 136 2041 uel
151 1982 280 2042 inferius.
541 2054 547 2060 ι

50 2061 57 2068 ’
173 2065 248 2140 Quid
268 2066 500 2146 autemquisque
523 2065 551 2123 in
571 2063 694 2125 dicendo
712 2064 841 2144 postulet
858 2065 959 2142 locus,
980 2063 1095 2144 paulum

87 2150 235 2226 differam,
263 2158 293 2209 ut
315 2150 353 2209 de
374 2158 480 2226 gestu
501 2150 580 2226 prius
601 2148 711 2224 dicam,
739 2149 787 2226 qui
811 2157 841 2208 et
860 2149 925 2228 ipse
943 2148 1011 2208 voci
1027 2164 1095 2207 con-

86 2235 173 2293 sentit
197 2243 225 2294 et
245 2235 338 2294 animo
361 2250 479 2294 cumea
503 2231 587 2290 simul
611 2241 703 2309 paret.
733 2231 762 2292 ls
784 2241 918 2311 quantum
939 2230 1046 2292 habeat
1068 2233 1096 2291 in

85 2327 203 2378 oratore
220 2317 364 2391 momenti,
383 2317 453 2377 satis
467 2315 516 2376 vel
533 2333 570 2374 ex
586 2331 623 2374 eo
639 2323 736 2394 patet,
756 2315 835 2396 quod
851 2315 994 2394 pleraque
1011 2316 1096 2374 etlam

86 2401 158 2461 citra
177 2400 271 2461 uerba
296 2400 447 2485 significat.
485 2397 602 2478 Quippe
622 2417 681 2458 non
704 2417 803 2460 manus
825 2397 918 2460 solum
943 2396 996 2458 sed
1013 2404 1138 2460 nutusob

87 2486 173 2544 etiam
190 2484 340 2545 declarant
355 2493 482 2543 nostrum
501 2483 678 2543 voluntatem
700 2491 728 2543 et
745 2485 773 2542 in
788 2483 872 2543 mutis
889 2499 943 2562 pro
960 2499 1094 2542 sermone

86 2576 164 2642 sunt,
181 2576 210 2628 et
225 2567 338 2627 saltatio
353 2567 523 2646 frequenter
537 2566 599 2626 sine
611 2583 687 2627 voce
703 2567 872 2643 intelligitur
889 2574 977 2644 atque
993 2565 1093 2639 aflicit,

87 2660 176 2711 etex
197 2649 277 2710 vultu
305 2651 497 2728 ingressuque
524 2650 700 2728 perspicitur
721 2648 836 2709 habitus
857 2649 1033 2716 animorum
1067 2658 1096 2707 et

85 2733 249 2795 animalium
271 2751 386 2813 quoque
408 2750 543 2793 sermone
564 2733 721 2794 carentium
737 2734 794 2807 ira,
818 2732 944 2808 laetitia,
969 2731 1094 2792 adulatio
1130 2755 1134 2758 ·

86 2828 118 2878 et
140 2817 233 2877 oculis
255 2826 284 2878 et
305 2816 475 2897 quibusdam
499 2815 563 2878 aliis
587 2817 720 2895 corporis
742 2817 833 2893 signis
856 2814 1093 2893 deprehenditur.

85 2899 151 2962 Nec
165 2902 281 2977 mirum,
305 2902 330 2960 si
345 2902 418 2976 ista,
444 2918 519 2980 quae
534 2909 629 2961 tamen
646 2900 675 2959 in
690 2899 787 2977 aliquo
804 2901 899 2978 posita
920 2908 986 2963 suut
1006 2906 1137 2974 mutuas

85 2993 194 3044 tantum
209 2985 237 3043 in
252 2985 352 3059 aqimis
366 2983 484 3060 valent,
501 3002 565 3044 oum
580 2983 710 3063 pictura,
728 2992 830 3044 tacens
845 3000 919 3062 opus
937 2992 967 3043 et
980 2982 1095 3043 habitus

87 3085 207 3147 semper
227 3069 374 3145 eiusdem,
399 3069 441 3128 sic
464 3068 492 3127 in
512 3069 626 3128 intimos
640 3075 776 3147 penetret
793 3067 932 3143 allectus,
955 3074 987 3125 ut
1001 3067 1094 3144 ipsam

85 3152 143 3212 uim
161 3151 275 3212 dicendi
290 3168 491 3230 nonnunquam
506 3168 646 3231 superare
660 3150 799 3211 videatur.
829 3147 936 3214 Contra
952 3150 977 3208 si
992 3158 1094 3227 gestus

86 3252 123 3296 ac
137 3233 233 3296 vultus
249 3234 285 3296 ab
293 3237 433 3297 oratione
449 3235 631 3310 dissentiant,
649 3235 741 3295 tristia
759 3234 887 3294 dicamus
902 3232 1028 3308 hilares,
1051 3232 1093 3292 ai·

39 3344 41 3354 ¹
87 3314 232 3379 firmemus
254 3319 350 3398 aliqua
369 3319 542 3379 renuentes:
570 3335 628 3378 uon
648 3319 804 3379 auctoritas
823 3316 910 3377 modo
924 3315 1023 3376 uerbis
1039 3314 1093 3375 sed

87 3402 174 3462 etium
194 3401 268 3463 fides
292 3402 376 3463 desit.
412 3402 513 3462 Decor
535 3418 651 3480 quoque
673 3409 790 3478 egestu
807 3410 893 3478 atquo
915 3409 1025 3460 amotu
1039 3417 1091 3459 ve·

86 3485 136 3545 uit.
167 3485 298 3566 ldeoquu
314 3486 528 3548 Demosthenes
551 3485 662 3563 mande
684 3485 827 3562 quoddam
850 3485 963 3544 intuens
986 3489 1134 3561 specu-os
