2436 3956
307 260 771 330 1usr.onuron.u1n.vr11,4.
1003 253 1043 313 67

34 437 118 481 mum
134 436 232 479 meam
250 416 483 495 relinquendam
502 424 652 495 putarem.
687 417 803 478 Interim
824 419 1084 498 propositam-11

35 502 79 562 lut
99 501 186 560 simili
210 501 347 578 exemplo
369 499 550 560 efficiendum
569 509 629 576 est,
653 509 684 562 ut
705 502 741 561 sit
756 504 846 562 maius
862 503 909 578 id,
934 502 1044 580 quoda

30 585 121 644 nobis
138 583 374 661 exaggerandum
393 592 453 642 est:
475 592 506 644 ut
526 583 601 642 idem
626 601 679 663 pro
697 582 848 662 Cluentio,
872 603 935 644 cum
951 602 1042 664 expo·

30 670 156 742 suisset,
175 665 316 727 Milesiam
338 665 479 746 quandam
502 685 518 726 a
543 667 678 727 secundis
696 668 852 728 heredibus
868 685 921 746 pro
939 668 1042 730 abortu
1110 719 1113 726 ,

30 751 190 832 pecuniam
206 753 375 829 accepisse,
399 748 520 823 Oruanta
531 761 593 823 est,
610 752 717 830 inquit,
738 750 928 831 Oppianicus
944 754 976 812 in
992 771 1043 814 eo·
1120 785 1122 790 .

30 838 106 898 dem
123 836 241 895 iniuria
257 837 373 896 maiore
387 835 536 913 mpplioia
550 837 682 913 dionae?
712 834 870 914 Siquidem
884 837 957 913 illa,
976 855 1043 897 cam

29 937 93 980 sua
118 919 241 997 corpori
260 920 320 980 cim
340 920 505 993 attulisset,
526 937 560 980 sc
583 919 653 997 ipsa
675 921 846 990 craciaoit;
872 919 922 979 hic
941 926 1043 981 cirtem

27 1005 118 1064 idem
133 1003 210 1063 illud
224 1002 327 1081 effecit
339 1019 399 1080 per
413 1003 507 1062 alieni
518 1004 658 1080 carparis
672 1003 733 1064 aim
750 1011 842 1082 atque
858 1004 1041 1064 cruciatam.

28 1085 100 1147 Nec
116 1093 199 1164 putet
215 1087 363 1164 quisquam
379 1085 453 1160 hoc,
479 1102 640 1163 quanquam
655 1095 700 1146 est
716 1087 826 1163 simile,
844 1085 884 1146 illi
901 1104 938 1145 ex
956 1096 1084 1163 argu-12

28 1171 140 1230 mentis
157 1168 235 1246 loco,
255 1186 313 1247 quo
329 1171 437 1228 maiora
454 1186 491 1226 ex
506 1169 661 1228 minorihus
675 1169 861 1250 colliguntur,
873 1169 947 1228 idem
962 1186 1040 1232 esse.

28 1253 101 1314 lllic
129 1252 204 1312 enim
225 1252 359 1330 probatio
377 1252 484 1330 petitur
507 1251 554 1311 hic
569 1252 769 1331 amplificatio;
791 1255 865 1312 sicut
883 1253 911 1310 in
934 1249 1041 1329 Oppia·
1128 1293 1130 1308 ,

28 1339 102 1397 nico
120 1353 178 1394 non
200 1335 228 1397 id
244 1337 338 1413 agitur
351 1338 380 1394 in
396 1335 445 1395 illa
466 1336 699 1414 comparatione,
723 1344 753 1394 ut
772 1336 823 1396 ille
842 1336 917 1395 male
937 1334 1042 1394 iecerit
1146 1341 1149 1348 '

30 1421 90 1480 sed
106 1429 137 1479 ut
151 1420 244 1498 peius.
280 1418 333 1478 Est
355 1428 448 1478 tamen
466 1436 625 1497 quanquam
643 1419 821 1479 diversarum
842 1437 937 1478 rernm
953 1435 1041 1496 qnae-

31 1505 101 1564 dam
122 1503 236 1562 vicinia.
284 1501 425 1580 Repetam
448 1503 542 1580 itaque
565 1503 612 1562 hic
642 1519 757 1581 quoque
781 1503 872 1580 idem,
897 1519 953 1581 quo
977 1520 1041 1560 snm

31 1587 98 1648 illic
119 1604 205 1661 usus,
229 1586 393 1664 exemplum
415 1586 467 1644 sed
489 1602 546 1643 non
569 1587 597 1644 in
622 1587 744 1647 eundem
761 1604 852 1647 usum.
899 1585 970 1644 Nam
985 1585 1085 1648 hocltt

33 1669 105 1730 mihi
126 1669 334 1729 ostendendum
359 1677 419 1744 est,
444 1668 570 1745 angendi
588 1671 681 1746 gratia
701 1687 759 1728 non
779 1679 840 1730 tota
864 1670 950 1729 modo
972 1669 1066 1731 totis.

4 1759 6 1764 ’
34 1753 92 1814 sed
114 1755 198 1813 etiam
220 1761 319 1832 partes
346 1751 477 1831 partibus
503 1753 678 1830 comparari:
704 1754 779 1812 sicut
803 1752 860 1812 hoc
884 1753 971 1826 loco,
992 1750 1042 1812 An

31 1855 110 1900 aero
125 1839 174 1899 air
188 1837 392 1916 amplissimus
410 1833 444 1896 P.
460 1835 583 1914 Scipio,
604 1836 742 1915 pontisea
757 1837 919 1912 mamimus,
941 1835 1040 1896 Grac-

32 1923 127 1984 chum
144 1923 340 1983 mediocriter
361 1919 598 1998 labefactantem
619 1926 731 1980 statam
752 1919 800 1992 rei
815 1919 961 1997 publicae
972 1919 1041 1996 pm'·

31 2015 127 2068 catate
141 2005 310 2083 interfecit:
330 2001 491 2070 Catilinam
515 2003 618 2064 orbem
640 2009 746 2063 terrae
769 2003 867 2064 caede
886 2010 977 2080 atque
993 2001 1041 2060 in-

31 2090 147 2152 cendio
168 2098 292 2150 coslare
315 2088 484 2165 cupientem
506 2104 562 2147 nac
582 2087 722 2148 consides
742 2086 959 2164 perferemus?
989 2083 1085 2148 Hiolt
1195 2143 1197 2153 .

33 2182 64 2233 et
82 2170 206 2232 Catilina
223 2170 355 2232 Graccho
380 2179 408 2229 et
429 2178 520 2229 status
544 2171 587 2228 rei
610 2168 746 2247 publicae
770 2168 833 2228 orbi
856 2177 996 2227 terrarum
1013 2176 1042 2227 et

32 2256 194 2316 mediocris
210 2255 396 2314 labefactatio
415 2253 499 2312 caedi
521 2262 549 2312 et
565 2251 704 2312 incendiis
725 2260 753 2310 et
768 2252 923 2311 vastationi
939 2260 968 2310 et
983 2251 1040 2328 pri·

32 2348 121 2400 vatos
148 2339 316 2399 consulibus
342 2345 541 2415 comparatur;
570 2353 644 2416 quae
670 2335 694 2393 si
720 2335 784 2412 quis
806 2335 927 2395 dilatare
953 2332 1041 2392 velit:
1126 2327 1129 2334 '

33 2424 143 2504 plenos
161 2423 274 2500 singula
291 2422 375 2481 locos
395 2419 512 2480 hahent.

122 2506 201 2580 Quas
225 2507 284 2566 dixi
311 2523 366 2583 per
391 2504 729 2564 ratiocinationem
755 2501 817 2561 lieri
843 2499 1083 2579 amplificatio-15

34 2609 106 2666 nes,
129 2591 302 2665 viderimus,
327 2607 362 2649 an
378 2588 447 2648 satis
463 2587 583 2667 proprio
599 2585 690 2645 verbo
709 2585 941 2663 significaverim.
978 2581 1042 2642 Nec

36 2693 101 2734 sum
118 2676 146 2733 in
160 2674 218 2734 hoc
234 2673 395 2747 sollicitus,
417 2671 483 2731 dum
497 2689 545 2730 res
562 2671 626 2748 ipsa
640 2667 805 2729 volentibus
822 2667 937 2726 discere
953 2682 1041 2742 appa-

36 2768 111 2818 reat.
159 2757 222 2817 Hoo
238 2774 300 2816 sum
317 2764 412 2816 tamen
429 2763 562 2830 secutus,
587 2752 665 2833 quod
680 2751 754 2811 haec
771 2749 955 2826 amplificatio
974 2747 1042 2807 alibi

36 2844 135 2922 posita
151 2851 196 2902 est
212 2840 280 2901 alibi
296 2840 385 2916 valet,
404 2847 434 2898 ot
449 2837 526 2898 aliud
543 2844 657 2897 crescat
674 2835 750 2895 alind
766 2841 902 2909 augetur:
924 2830 990 2890 inde
1006 2830 1042 2890 ad

35 2926 78 3002 id,
94 2926 173 3003 quod
190 2923 292 2984 extolli
307 2923 454 2998 volumus,
470 2922 582 2980 ratione
600 2920 721 2980 ducitur.
758 2914 931 2976 Obiecturus
952 2912 1042 2974 Anto·
1051 2921 1084 2978 16

36 3011 86 3070 nio
108 3007 214 3068 Cicero
234 3026 343 3068 merum
365 3015 393 3066 et
414 3007 569 3081 vomitum,
594 3003 647 3080 Ta,
670 3002 776 3080 inquit,
797 3001 865 3062 istie
885 2999 1040 3078 sancibat,

36 3095 106 3156 istis
126 3092 290 3167 lateribus,
312 3092 372 3152 ista
393 3089 583 3168 pladiataria
606 3088 696 3149 totius
724 3084 865 3163 corpora
885 3082 1039 3161 firmitate.

39 3175 116 3252 Quid
134 3176 234 3236 fauces
253 3184 283 3234 et
304 3174 396 3234 latera
419 3171 454 3232 ad
475 3167 664 3232 ebrietatem?
707 3167 822 3229 Minime
846 3174 911 3225 sunt
935 3165 1040 3225 otiosa.

38 3259 113 3322 Nam
128 3259 320 3338 respicientes
339 3257 374 3317 ad
390 3256 464 3317 haec
480 3271 633 3334 possumus
652 3253 822 3326 aestimare,
841 3257 974 3328 quantum
989 3246 1041 3306 ille
1131 3275 1143 3282 -

38 3345 100 3404 vini
114 3344 143 3404 in
157 3343 280 3422 Hippiae
297 3341 403 3420 nuptiis
417 3339 599 3415 exhauserit,
623 3336 700 3416 quod
715 3335 794 3396 terre
810 3343 839 3394 et
855 3346 1042 3412 concoquere

4 3469 5 3474 κ
41 3446 100 3489 non
122 3435 225 3508 posset
243 3425 293 3486 illa
316 3424 449 3506 corporis
470 3422 643 3500 gladiatoria
657 3420 799 3480 firmitate.
836 3415 935 3494 Ergo,
956 3416 981 3473 st
1004 3429 1042 3472 ex

41 3513 99 3574 alio
124 3511 272 3589 colligitur
295 3508 387 3586 aliud,
408 3524 464 3567 nec
486 3506 672 3586 improprium
688 3519 744 3562 nec
760 3502 923 3644 inusigatum
937 3511 1042 3559 nomen
