2436 3956
340 221 788 296 rusr.0unr0n.nra.vr1,3.
1004 223 1045 284 25

132 379 262 441 Excusso
280 381 346 459 quid
362 383 416 458 sit,
432 399 526 459 prope
539 389 658 460 peraeta
674 361 720 440 est
735 385 884 460 quaestio,
913 401 953 442 an
975 383 1089 446 noers

59 460 122 524 sit?
142 463 173 524 Id
192 466 266 524 enirn
282 467 410 542 agimus,
432 475 463 524 ut
478 463 515 524 sit
535 482 640 524 causae
656 473 773 524 nostrae
789 467 965 526 conveniens
986 466 1046 527 iini·

57 548 100 606 tiu.
135 547 332 607 Potentissima
355 557 401 608 est
418 557 512 609 autern
529 550 557 607 in
581 566 615 607 ea
632 548 771 626 qualitas,
795 546 843 610 An
860 569 948 611 amor
962 551 1046 610 inse-

55 631 124 690 nic?
147 630 207 690 Huc
226 631 409 709 pertinebunt
437 632 640 709 probationes,
663 649 733 709 quas
758 630 862 691 cicero
887 632 955 692 dicit
979 649 1066 710 prc-x

56 714 126 792 prias
151 733 216 774 esse
249 715 400 790 finitionis,
437 733 474 774 ex
504 714 759 791 antecedentibus,
790 715 1046 793 consequentibus,

55 797 200 873 adiunctis,
220 798 461 876 repugnantibus,
479 801 591 872 causis,
608 798 735 871 effectis,
753 799 906 865 similibus:
926 799 962 858 de
977 815 1047 877 quc·

55 895 110 939 rurn
127 891 355 958 argumentorum
379 891 479 942 natura
503 882 608 940 dietum
636 890 690 940 est.
721 881 853 942 Breviter
873 891 967 942 autern
993 884 1091 961 proti)

56 959 170 1042 Caecina
193 962 299 1024 Cicero
325 965 418 1041 initia,
446 983 565 1039 causas,
592 965 710 1041 effecta,
736 967 953 1041 antecedentia,
980 983 1047 1026 con·

55 1056 195 1124 sequentia
218 1049 389 1126 complexus
410 1058 471 1108 est:
503 1046 585 1121 Qum
604 1050 698 1128 initur
718 1049 899 1127 sapiebant?
920 1048 1049 1129 Propter

55 1137 163 1192 metum.
194 1130 278 1205 Quid
303 1133 497 1194 metuebant?
535 1129 600 1192 Vim
622 1132 773 1194 uidelicet.
810 1131 938 1194 Potestis
955 1135 1049 1211 initur

52 1215 198 1294 principia
217 1234 352 1293 nequae,
377 1234 445 1277 eum
461 1223 600 1277 extrema
618 1217 817 1277 concedatis?
844 1215 904 1276 Sed
919 1216 1047 1276 similitu·

55 1297 113 1355 dine
128 1314 241 1378 quoque
262 1317 330 1357 usus
347 1307 408 1358 est:
433 1296 586 1371 Quaevis
606 1299 639 1358 in
660 1299 737 1359 bello
752 1299 945 1378 appellatur,
965 1317 1002 1360 eu
1016 1301 1048 1359 in

15 1395 17 1404 ’
55 1381 108 1440 atio
125 1400 182 1442 nan
205 1383 436 1462 appellabitur?
464 1381 523 1442 Sed
544 1382 685 1441 etiamen
711 1385 856 1442 contrario
882 1387 1093 1459 argumentata

56 1461 198 1540 ducuntur,
217 1474 255 1524 ut
281 1467 305 1523 si
327 1473 495 1542 quaeratur,
519 1463 696 1524 Amatorium
720 1484 861 1525 venenum
884 1468 920 1524 sit
939 1483 1046 1530 necne:

24 1538 26 1556 '
56 1547 114 1622 qnia
130 1563 271 1608 uenenum
294 1549 461 1608 amatorium
480 1565 537 1607 nan
558 1549 604 1607 sit.
643 1548 718 1609 lliud
740 1549 860 1609 aiterum
881 1567 973 1626 genus
990 1564 1047 1626 quo

58 1629 90 1686 sit
101 1631 274 1691 manifestius
290 1629 525 1691 adolescentibus
541 1633 629 1706 meis,
647 1631 744 1709 (mens
761 1634 834 1692 enirn
849 1627 965 1710 semper
979 1633 1047 1693 ado-

59 1707 189 1775 lescentes
201 1713 327 1794 putabo)
344 1714 391 1773 hic
406 1731 522 1792 quaque
538 1714 622 1774 iictae
636 1717 854 1774 controversiae
872 1725 935 1775 utar
951 1733 1047 1774 exem·

56 1793 109 1869 pla·
136 1796 285 1874 iuuenes,
301 1799 354 1876 qui
368 1799 528 1859 connivere
541 1797 702 1873 audebunt,
718 1800 954 1875 emmtituerunt,
970 1799 1088 1858 utin31

55 1877 132 1940 ditare
150 1890 326 1943 coenarent.
366 1877 476 1955 Unica,
494 1881 548 1958 qui
567 1897 680 1941 coenae
698 1881 857 1959 defuerat,
879 1899 986 1941 nomen
1001 1889 1048 1941 tu-

37 1962 139 2038 mulo,
161 1982 251 2043 quem
277 1973 497 2040 extruxerant,
522 1964 756 2043 inscripserunt.
800 1962 894 2025 Peter
921 1965 1002 2039 eiua,
1028 1983 1049 2025 u

15 2113 17 2118 ,
55 2050 254 2110 tranemmn‘na
269 2049 518 2126 pereqm‘nctione
541 2066 610 2108 cum
630 2047 675 2108 cd
687 2048 759 2108 titus
772 2048 854 2109 idem
869 2047 1048 2126 appulisset,

54 2126 122 2190 tecto
137 2133 257 2192 nomine
273 2132 432 2209 suspendit
445 2150 489 2192 ae.
521 2129 661 2190 Dicuntur
677 2130 705 2190 hi
722 2147 808 2190 eausa
824 2133 924 2189 mortis
946 2130 1092 2189 fuissent

54 2206 102 2269 iiic
122 2211 207 2275 iinitic
230 2223 278 2275 est
298 2215 492 2290 accusatoris,
518 2211 578 2276 Per
599 2229 688 2290 quem
705 2215 822 2293 suetum
846 2222 905 2288 est,
929 2221 962 2272 ut
981 2215 1049 2291 quia

52 2295 184 2372 pennu,
206 2317 305 2360 cauam
319 2299 424 2360 martia
439 2307 504 2366 est,·
527 2298 570 2356 rei
593 2306 654 2372 est,
681 2295 740 2370 Oui
753 2298 828 2376 fecit
848 2298 923 2374 quid
937 2298 1048 2370 aciens,

53 2391 105 2451 per
118 2385 196 2456 qrtod
211 2383 318 2460 perire
333 2381 443 2441 immina·
456 2399 581 2442 necesse
598 2389 652 2442 est.
681 2380 803 2441 Remota
820 2381 948 2440 finitione
964 2398 1048 2440 accu-
1109 2399 1114 2416 =

55 2464 134 2522 satori
158 2473 202 2524 sat
226 2473 273 2524 est
293 2463 407 2539 dicere,
432 2462 536 2525 Causa
550 2465 655 2526 martia
669 2465 789 2544 sitisti&
811 2483 870 2544 per
888 2482 943 2526 aas
971 2465 1050 2525 enim

54 2540 235 2626 factumest,
254 2553 288 2609 m
301 2548 387 2612 domo
398 2549 535 2626 uniret,-
550 2549 642 2626 quain,
664 2549 723 2609 nisi
744 2567 798 2609 coa
823 2548 901 2608 iilud
921 2548 1049 2627 fecisse-

55 2624 103 2700 aa,
118 2630 241 2695 uiueret.
275 2628 399 2706 Contra,
421 2629 489 2692 Nan
502 2633 621 2707 statim,
633 2647 796 2710 perquem
809 2631 1003 2710 factumest,
1018 2635 1097 2689 uitta

54 2711 115 2788 quia
122 2716 255 2792 periret,
270 2717 299 2776 is
312 2715 458 2776 damnari
469 2715 572 2791 dedet,
588 2725 622 2776 ut
636 2722 818 2791 aecusator,
832 2715 933 2789 testie,
955 2714 1051 2774 iudea

54 2794 95 2854 rei
117 2799 269 2875 capitatia.
306 2795 388 2874 Nee,
409 2799 614 2876 undecunque
639 2817 737 2860 cause
761 2795 868 2876 fluuit,
893 2797 937 2859 tta·
958 2796 1051 2875 mtipn
1133 2816 1138 2820 ·

54 2884 110 2936 eat:
138 2890 172 2942 ut
199 2884 229 2943 ci
256 2884 325 2960 quis
352 2882 573 2960 prosectionem
596 2883 731 2943 masena
756 2889 812 2942 aut
839 2881 972 2942 amicum
996 2897 1051 2941 m·-

54 2963 183 3026 ecacierit
203 2971 294 3026 trans
315 2982 402 3027 mare
424 2973 453 3026 et
473 2967 502 3026 is
521 2965 688 3044 ncufimqio
698 2965 844 3044 pecierit,
867 2967 911 3025 ud
926 2981 1051 3026 coenum

53 3041 182 3108 invitarit
208 3058 238 3110 et
261 3051 290 3110 ia
315 3049 468 3110 cruditate
492 3049 555 3109 illie
581 3056 741 3110 eontracta
770 3049 946 3110 decesserit.
986 3043 1095 3106 Noeta

51 3125 138 3201 fuerit
151 3132 184 3191 in
200 3149 299 3194 enum
310 3133 416 3193 martie
426 3133 521 3192 aetum
535 3131 772 3206 adolescentium
782 3132 900 3211 fuctum
910 3131 967 3191 aed
981 3147 1050 3190 ere-

54 3207 160 3273 dulitue
173 3216 272 3290 senis,
283 3215 316 3276 in
331 3215 436 3277 dolore
450 3215 583 3293 [amado
593 3212 775 3291 infirmitan-
791 3216 933 3291 denique,
947 3213 976 3272 si
984 3212 1050 3290 sor-

54 3291 106 3352 it'cr
116 3295 226 3373 fuisset
239 3307 294 3359 aut
303 3299 502 3377 praedestina,
520 3299 644 3360 uiueret.
674 3295 740 3359 Nec
758 3297 842 3358 mula
858 3305 955 3358 mente
968 3295 1051 3374 fece·

55 3383 137 3450 runa·
154 3389 183 3440 et
198 3382 251 3442 ilie
263 3383 360 3459 potuit
372 3383 421 3442 nei
440 3399 480 3442 eac
499 3381 564 3442 lara
581 3381 687 3442 tumuli
705 3381 755 3442 uei
776 3399 817 3442 ec
832 3397 925 3458 opere
941 3377 1051 3438 tumui·

54 3461 147 3524 ianam
167 3465 327 3542 suspicari
333 3508 342 3542 ,
368 3483 429 3526 nen
458 3483 526 3526 ocae
548 3470 778 3526 mercamentum.
818 3460 879 3536 Qua
900 3479 973 3540 erqo
988 3478 1050 3542 pn·
