2470 3962
178 215 238 281 214
496 226 861 290 u.sea.ountr1u1nu1

135 391 169 444 ³0
261 385 327 448 Non
337 385 393 447 alia
409 391 455 446 est
466 392 560 444 autem
571 384 645 444 natio
659 383 899 463 pronuntiationis
911 401 995 463 mam
1008 385 1102 463 ipsius
1118 401 1182 446 ora·

177 472 272 532 tionis.
309 469 383 531 Num
403 477 435 529 ut
454 467 505 528 illa
523 467 692 550 emendata,
712 466 859 543 dilucida,
885 477 1003 544 ornata,
1026 477 1094 546 apta
1116 487 1181 529 esse

177 553 279 615 debet:
303 555 345 614 itu
361 553 436 614 tuse
453 568 571 631 quoque
588 553 781 614 emendata
794 551 865 626 erit,
888 551 918 613 id
935 560 998 627 est,
1013 552 1085 612 vitio
1102 569 1180 612 nare·
1217 611 1219 618 Α

176 638 232 715 bit,
253 637 382 698 siluerit
396 653 431 696 os
445 634 550 711 iaoile,
571 634 773 714 explanatum,
790 633 961 712 ineundum,
976 633 1134 711 nrbenunn,
1154 636 1181 696 id
1216 623 1219 754 'q

177 730 232 798 est,
249 722 277 782 iu
292 736 350 800 quo
367 719 445 780 nulla
461 735 558 798 neque
572 719 718 780 rustiaitus
734 719 1039 798 nequepensqriuitas
1053 728 1179 780 resonet.

135 811 168 865 31
176 805 241 866 Non
261 807 336 866 enim
360 805 423 865 siue
451 819 539 862 nausa
558 801 663 862 dieitur
683 803 855 864 bardorum
874 803 1074 866 Graecum.
1112 801 1182 864 ilum

177 891 256 950 sonis
284 889 415 952 domines
441 895 472 946 ut
497 902 566 946 aera
592 885 693 946 tinnitu
718 885 925 964 dignonetmnr.
964 885 1008 948 lta
1028 886 1080 946 det
1102 886 1181 962 illud,

178 973 255 1053 quod
270 971 378 1033 Ennius
399 967 519 1050 probat,
543 987 608 1030 oum
625 969 696 1030 dieit
715 970 1007 1048 muneremunere
1023 967 1181 1048 Cethegum

177 1059 284 1122 inisse:
307 1072 365 1116 non
379 1053 458 1134 quod
472 1051 579 1114 (lieero
594 1053 623 1112 in
637 1052 682 1114 his
694 1051 901 1134 reprehendit,
919 1069 993 1133 quos
1009 1055 1050 1114 ait
1065 1054 1182 1116 were

176 1159 237 1202 non
258 1157 364 1222 apere.
399 1138 472 1199 Sunt
487 1140 562 1198 eninr
577 1136 665 1196 multa
679 1137 767 1214 vitia,
789 1137 946 1216 dequibus
968 1137 1044 1212 dixi,
1070 1156 1134 1199 oum
1155 1140 1181 1198 in

177 1223 299 1303 quadam
320 1223 403 1303 primi
426 1221 491 1282 libri
506 1228 590 1299 parte
604 1237 760 1299 puerorum
779 1236 831 1282 ora
846 1222 1017 1297 formarem,
1042 1230 1179 1300 opportu-

176 1311 239 1368 nius
260 1316 356 1382 ratus,
383 1307 411 1365 in
432 1322 467 1366 ea
485 1313 581 1365 aetate
602 1303 702 1364 faeere
723 1304 839 1374 illorum
859 1307 1052 1380 mentionem,
1076 1307 1105 1365 iu
1123 1304 1194 1384 qua‘

134 1399 168 1454 32
177 1391 322 1452 emendari
336 1397 468 1469 possunt.
499 1387 630 1466 ltemque
645 1390 670 1448 si
685 1390 748 1468 ipsa
764 1406 825 1450 vox
838 1391 958 1468 priunum
973 1389 1078 1466 fuerit,
1093 1391 1179 1449 uteie

178 1476 287 1550 dinam,
309 1491 397 1548 sana,
420 1472 448 1533 id
464 1480 526 1549 est,
548 1473 657 1533 nullum
672 1487 788 1547 eorum,
811 1472 847 1533 de
863 1471 967 1552 quidum
982 1472 1070 1533 modo
1085 1472 1178 1548 retuli,

177 1559 302 1638 patietur
322 1555 546 1624 incommodumr
578 1556 682 1617 deinde
705 1571 763 1616 non
785 1555 887 1632 surda,
916 1556 1011 1633 mdis,
1043 1557 1178 1632 immanis,

176 1642 263 1717 dura,
286 1640 394 1718 rigida,
417 1655 502 1714 rave,
525 1639 727 1718 praepinguis,
744 1647 792 1700 aut
805 1641 915 1716 tenuis,
931 1640 1041 1716 inanis,
1064 1640 1177 1715 aeerlta,

177 1725 299 1803 pusilla,
322 1725 435 1800 mollis,
458 1721 635 1791 effeminata;
664 1724 781 1801 spiritus
805 1741 860 1784 neo
883 1723 981 1784 brevis
1003 1741 1060 1786 neo
1082 1741 1178 1804 parum

178 1808 315 1869 durabilis
330 1827 386 1870 neo
402 1810 431 1869 in
445 1816 567 1886 reoeptu
582 1807 717 1868 diiiloilis.

134 1905 169 1958 33
260 1892 434 1955 Diluoida
450 1908 522 1952 vero
538 1893 593 1951 erit
607 1894 802 1970 pronuntiatio
819 1893 949 1972 primum,
970 1892 995 1950 si
1012 1888 1103 1953 verba
1121 1900 1175 1951 tota

178 1978 318 2053 exierint,
340 1994 460 2056 quorum
477 1993 545 2054 pars
566 1975 717 2050 devorari,
739 1994 808 2055 pars
825 1977 941 2037 destitui
956 1975 1054 2050 solet,
1079 1975 1176 2054 pleris-

179 2077 236 2138 que
258 2069 402 2120 extremes
418 2058 546 2135 syllabas
561 2076 618 2118 non
633 2058 862 2137 perferentibus,
886 2059 951 2120 dum
965 2061 1094 2138 priorum
1108 2075 1184 2118 sono

177 2143 335 2224 indulgent.
365 2143 403 2206 Ut
418 2152 463 2203 est
480 2152 574 2203 autem
589 2145 756 2204 necessaria
770 2142 924 2204 verborum
940 2142 1107 2222 explanatio
1118 2144 1177 2225 :ita

67 2228 71 2233 ’
178 2244 277 2288 omnes
302 2230 442 2306 imputare
472 2236 501 2286 et
523 2227 603 2286 velut
625 2245 813 2288 annumerare
840 2227 951 2288 litteras
974 2226 1129 2288 molestum
1153 2234 1178 2285 et
1218 2231 1219 2240 ’

134 2312 316 2380 34οᾱίοειιηι.
352 2310 424 2372 Nam
440 2320 470 2371 et
485 2309 606 2387 vocales
628 2311 860 2390 frequentissime
878 2320 999 2387 eoeunt,
1025 2319 1056 2370 et
1078 2327 1177 2371 eonsu-

176 2396 299 2454 nantium
321 2394 462 2472 quaedam
483 2397 653 2472 insequente
674 2395 770 2456 voeali
787 2395 990 2456 dissimulatur.
1024 2394 1177 2474 Utriusque

178 2477 341 2556 exemplum
357 2479 520 2555 posuimus:
884 2516 893 2530 ·

467 2559 806 2626 Mattnmttteettersts
822 2587 879 2622 ἡ.
1069 2631 1073 2636 ,

134 2661 167 2714 35
176 2645 288 2707 Vitatur
304 2648 388 2706 etiam
405 2646 549 2707 duriorum
564 2649 638 2707 inter
659 2666 692 2708 se
708 2665 899 2726 congressus,
920 2647 996 2710 unda
1012 2647 1140 2724 pellexit
1153 2652 1179 2704 et

177 2732 312 2809 collepit,
336 2739 365 2791 et
385 2749 461 2810 quae
485 2732 542 2792 alio
564 2731 631 2792 loeo
653 2731 729 2793 dieta
752 2740 826 2792 suut.
862 2730 992 2810 Ideoque
1008 2730 1140 2791 laudatur
1153 2730 1178 2788 in

177 2811 401 2875 Catulosuavis
425 2815 584 2894 appellatio
607 2816 774 2878 litterarum.
814 2815 978 2877 Secundum
999 2824 1061 2890 est,
1093 2823 1124 2874 ut
1144 2813 1178 2871 sit

175 2900 269 2957 oratio
287 2896 437 2974 distincta,
460 2899 568 2975 idest,
591 2901 639 2977 qui
654 2900 739 2978 dioit,
762 2907 791 2960 et
810 2900 927 2978 ineipiat
948 2897 996 2958 ubi
1012 2907 1132 2977 oportet
1152 2904 1178 2955 et

176 2980 297 3041 desinat.
336 2979 552 3043 Observandum
568 2985 669 3059 etiam,
692 3002 749 3061 quo
765 2985 833 3044 looo
853 2982 1036 3044 sustinendus
1052 2991 1083 3042 et
1100 2981 1178 3060 quati

176 3063 396 3143 suspendendus
412 3081 508 3125 sermo
525 3067 575 3134 eit:
593 3065 670 3145 quod
688 3066 792 3128 Graeei
807 3057 1025 3146 deodmorois'rv
1041 3066 1091 3126 uel
1109 3059 1175 3126 dno·

134 3155 168 3210 36
177 3143 300 3228 στιγμὴν
315 3157 435 3217 vooant;
447 3166 511 3228 quo
526 3139 724 3228 deponendus.
752 3139 943 3229 suspenditur
956 3147 1054 3212 Arnen
1067 3152 1176 3212 airum·

176 3248 235 3310 que
247 3251 336 3310 cono,
349 3233 415 3311 quia
426 3231 543 3294 illudad
554 3235 705 3313 sequentia
717 3237 852 3312 pertinet,
867 3241 899 3294 ut
913 3235 951 3294 sit
961 3235 1061 3296 einum
1072 3232 1178 3295 Troiae

176 3317 229 3394 qni
241 3317 360 3396 primae
380 3318 420 3378 ab
438 3319 522 3393 'onim
548 3325 577 3377 et
591 3317 638 3378 hie
653 3319 765 3378 iterum.
803 3316 875 3378 Nam
897 3319 1008 3378 etiamsi
1025 3317 1104 3378 aliud
1124 3324 1176 3389 est,

177 3398 251 3458 unde
266 3401 363 3460 veniat
379 3417 464 3479 quam
475 3417 533 3479 quo
547 3402 658 3460 veniat:
674 3418 730 3461 non
746 3401 975 3480 distinguendum
989 3411 1095 3477 tannen,
1115 3400 1178 3479 quia

133 3485 324 3560 eternumque
347 3483 450 3544 eodem
471 3483 558 3544 modo
579 3483 672 3543 verbo
696 3487 858 3548 continetur
876 3486 966 3548 vertit.
1001 3485 1101 3546 'lertio
1117 3482 1177 3545 Ito·
