2470 3962
507 229 543 276 rr.
562 227 639 276 nas.
656 223 875 286 autumemus

192 398 222 450 ot
237 386 339 448 Eleum
353 383 486 463 Hippiam
500 392 659 458 transeam,
683 383 731 460 qni
754 398 811 441 uou
825 379 989 441 liberalium
1004 382 1093 442 modo
1109 379 1189 442 discit

191 472 332 552 plinarum
347 485 418 547 prae
434 485 467 527 se
488 468 638 528 scientiam
658 466 721 526 tulit
743 466 797 526 sed
816 474 930 526 vestem
950 475 980 525 et
1001 465 1116 525 anulum
1132 483 1190 524 cre·

192 555 344 634 pidasque,
360 569 435 631 quae
451 552 544 611 omnia
558 568 641 610 mauu
657 568 709 610 sua
724 550 851 626 fecerat,
868 551 897 609 iu
913 567 968 609 usu
983 549 1095 624 habuit,
1111 558 1173 627 atqu

190 640 229 699 ita
247 656 281 697 se
297 636 497 716 praeparavit,
519 652 555 694 ne
573 635 654 694 cuius
669 633 788 694 alterins
805 650 898 713 opere
914 643 1038 711 egeret:
1068 633 1172 693 illusiss

191 731 235 782 tot
249 720 375 800 [malisl,
400 727 469 797 quot
483 733 591 778 summa
606 726 743 778 senectus
758 716 861 793 habet,
878 718 1034 778 universae
1053 716 1188 789 Graecina

192 805 352 879 credimus,
373 801 516 881 Gorgian,
533 803 580 882 qui
599 819 741 882 quaerere
757 801 922 876 auditores,
940 801 978 860 de
997 819 1058 882 quo
1075 797 1212 880 quisquc·

17 889 33 921 ⁸
149 889 298 964 novellat,
323 885 450 946 iubebat.
486 885 567 960 Quae
588 886 702 946 tandem
723 903 770 946 ars
790 884 875 964 digna
893 885 998 946 litteris
1015 885 1131 946 Platoni
1146 885 1185 965 de}

194 973 268 1032 fuit?
304 969 381 1044 Quot
398 969 526 1032 saeculis
542 969 718 1030 Aristoteles
730 968 850 1046 didicit,
870 977 972 1030 utnon
990 970 1106 1046 solum,
1123 987 1171 1048 qua

193 1056 230 1116 ad
245 1053 438 1133 philosophos
454 1063 541 1132 atque
558 1061 689 1114 oratores
706 1054 859 1132 pertinent,
875 1053 998 1114 scientia
1016 1053 1176 1133 complecta

192 1147 283 1214 retur,
299 1137 352 1198 sed
368 1138 528 1198 animalium
544 1146 729 1216 satorumque
744 1145 860 1198 naturas
874 1153 975 1198 omues
987 1139 1171 1217 perquireret

191 1221 254 1284 Illis
269 1222 344 1283 baec
358 1222 530 1282 invenienda
551 1220 682 1296 luerunt,
702 1221 787 1281 nobis
805 1222 1014 1299 cognoscenda
1031 1231 1109 1282 sunt.
1139 1221 1159 1280 Τ

191 1323 246 1368 nos
273 1305 532 1384 praeceptoribus,
564 1313 607 1365 tot
633 1303 776 1383 exemplis
800 1305 933 1366 instruxit
964 1307 1139 1386 antiquitas,

191 1392 285 1468 possit
299 1389 392 1450 videri
409 1389 487 1451 nulla
504 1398 584 1450 sorte
599 1389 739 1450 nascendi
754 1398 835 1450 aetas
850 1389 966 1450 felicior
981 1407 1070 1468 quarn
1085 1398 1164 1450 nostr

148 1475 238 1542 caeni
256 1473 408 1535 docendae
424 1473 537 1552 priores
554 1471 748 1533 elaborarunt.
779 1471 817 1532 bl.
834 1474 920 1550 igitur
935 1471 1009 1534 Cato
1024 1475 1103 1534 idem
1120 1492 1153 1533 su

190 1575 252 1617 mus
271 1558 444 1634 imperator,
472 1556 549 1616 idern
568 1558 703 1635 sapiens,
726 1557 802 1617 idem
823 1565 934 1632 orator,
958 1557 1035 1618 idern
1053 1557 1173 1618 historia

192 1640 334 1715 conditor,
352 1639 430 1699 idern
441 1639 520 1714 iuris,
539 1639 616 1700 idem
628 1657 723 1700 rerum
733 1641 903 1702 rusticarum
913 1641 1108 1719 peritissimus
1124 1641 1174 1700 luit

190 1725 265 1783 iuter
279 1731 323 1782 tot
340 1738 446 1801 operas
461 1722 595 1798 militiae,
611 1733 703 1784 tantas
718 1724 795 1784 domi
810 1725 1029 1800 contentiones,
1048 1725 1114 1786 rudi
1130 1743 1160 1783 sa

190 1806 275 1881 culo,
298 1807 410 1868 litteras
432 1805 560 1868 Graecas
581 1816 676 1868 aetate
697 1809 753 1869 iam
770 1807 911 1868 declinata
926 1807 1041 1884 didicit,
1067 1817 1098 1868 ut
1113 1827 1160 1867 ess

190 1889 352 1952 homiuibus
370 1890 555 1966 documento,
570 1909 606 1951 ea
623 1907 740 1970 quoque
756 1892 870 1970 percipi
884 1910 991 1970 posse,
1011 1909 1173 1970 quaesere

148 1975 408 2053 tdconcupissent.
446 1973 537 2048 Quam
553 1973 658 2049 multa,
681 1991 775 2052 paene
804 1975 913 2051 omnia,
942 1975 1061 2036 tradidit
1081 1975 1141 2036 Var

191 2057 277 2131 Quod
300 2058 515 2118 instrumentum
537 2057 653 2118 dicendi
669 2056 708 2118 bl.
725 2058 820 2119 l'ullio
838 2055 950 2119 debuit?
988 2057 1066 2131 Quid
1089 2058 1169 2137 plura

191 2159 254 2201 cum
279 2142 364 2202 etiam
380 2139 533 2202 Gemellus
550 2137 673 2217 Celsus,
696 2140 837 2202 mediocri
857 2143 901 2202 vir
915 2143 1045 2221 ingenio,
1069 2159 1129 2202 uon
1144 2161 1156 2201 s

190 2224 247 2285 lum
263 2223 300 2284 de
315 2224 359 2284 his
378 2223 508 2285 omnibus
525 2225 731 2303 conscripserit
746 2225 854 2286 artibus
870 2225 923 2286 sed
942 2225 1066 2304 amplius
1081 2228 1126 2286 rei
1141 2244 1166 2285 m

189 2308 281 2369 lituris
300 2315 329 2367 et
345 2308 470 2369 rusticae
486 2317 516 2368 et
536 2307 696 2368 medicinae
712 2317 871 2387 praecepta
892 2309 1061 2389 reliquerit,
1088 2310 1156 2388 dign

189 2391 239 2452 vel
253 2394 318 2470 ipso
335 2393 503 2469 proposito,
521 2400 552 2451 ut
568 2409 633 2450 enm
649 2391 741 2452 scisse
758 2393 852 2453 omnia
869 2393 918 2454 illa
934 2391 1098 2454 credamus.

147 2487 182 2540 ιι
273 2473 313 2534 m
338 2474 613 2552 perliceretautum
635 2493 708 2554 opus
730 2475 865 2552 arduum,
892 2479 929 2536 et'
945 2493 1029 2536 nemo
1053 2477 1166 2554 perleui

190 2559 267 2620 Ante
292 2559 385 2619 omnia
407 2557 514 2618 suflicit
531 2556 568 2619 ad
591 2557 822 2620 exhortationem
842 2560 1016 2637 studiorum,
1038 2562 1169 2640 caperei

189 2659 286 2704 rerum
300 2652 443 2718 naturam,
464 2658 537 2717 nec,
561 2641 700 2721 quidquid
716 2658 775 2702 non
790 2643 972 2719 estfactum,
993 2662 1030 2704 ue
1049 2643 1115 2704 lieri
1167 2643 1174 2658 '

190 2727 256 2786 dem
272 2743 375 2804 possm
403 2733 461 2786 tum
476 2726 586 2801 omnia,
604 2742 680 2802 quae
697 2743 800 2804 magua
817 2737 882 2787 sunt
896 2736 983 2806 atque
998 2727 1158 2788 admirabili

149 2819 304 2887 adtempus
328 2808 445 2888 aliquod
467 2825 525 2888 quo
548 2809 669 2887 primum
688 2809 875 2870 efficerentur
895 2810 1043 2872 babuisse.
1075 2810 1144 2871 Nam

190 2893 292 2973 poesis
312 2891 348 2952 ab
368 2891 495 2952 Homero
523 2900 553 2953 et
566 2891 698 2969 Vergilio
721 2901 827 2954 tautum
853 2894 997 2972 fastigium
1019 2896 1137 2973 accepit

191 2976 358 3055 eloquentia
372 2992 390 3034 a
404 2973 602 3036 Demosthene
617 2985 704 3054 atque
720 2973 875 3038 Cicerone.
901 2976 1035 3056 Denique
1052 2977 1166 3058 quidqui

191 3067 238 3120 est
258 3059 409 3138 optimum,
433 3067 498 3119 aute
521 3076 578 3119 uon
599 3060 703 3121 iuerat.
733 3059 841 3121 Verum
862 3063 973 3122 etiamsi
997 3063 1061 3140 quis
1083 3079 1166 3122 summ

192 3145 346 3222 desperet:
366 3141 460 3221 (quod
476 3159 527 3202 cur
541 3143 638 3219 iaciat,
656 3144 701 3204 cui
716 3145 872 3222 ingenium,
887 3144 1037 3222 valetudo,
1054 3145 1157 3206 laculta

191 3235 403 3305 praeceptores
424 3242 482 3284 non
502 3223 660 3307 deerunti)
682 3236 776 3288 tarneu
794 3236 854 3304 est,
877 3237 907 3288 ut
925 3226 1031 3289 Cicero
1048 3231 1102 3303 ait,
1125 3224 1169 3306 pul

149 3310 343 3373 alemunia
365 3311 510 3373 secundia
533 3312 688 3388 tertiisque
705 3314 879 3374 considere.
916 3311 1021 3391 Neque
1046 3315 1132 3387 enirn,

192 3395 255 3470 quis
273 3393 397 3455 Achillis
418 3394 541 3470 gloriam
563 3395 594 3452 in
612 3393 699 3455 rebus
715 3394 830 3456 bellicis
847 3398 987 3476 consequi
1004 3414 1063 3456 nou
1078 3404 1158 3474 potes

191 3475 289 3534 Aiacis
312 3485 360 3536 aut
377 3475 526 3538 Diomedis
550 3477 664 3538 laudern
685 3479 901 3557 aspamabitur,
924 3498 979 3540 uec
1001 3483 1050 3559 qui
1071 3479 1156 3540 llome
