2494 3952
345 209 809 306 1nsr.onnuos.n1n.x,1.a.
1019 229 1080 291 167

77 407 139 451 rum
155 391 315 454 insectator
330 391 391 451 luit.
422 389 530 452 Multae
547 393 575 450 in
587 408 623 451 eo
636 392 792 471 claraeque
804 395 977 470 sententiae,
993 394 1082 456 multa

5 489 6 496 ¹
74 475 163 534 etiarn
178 492 288 541 morum
303 475 396 552 gratia
411 474 552 552 legenda;
571 473 623 534 sed
639 475 667 536 in
683 475 848 556 eloquendo
866 486 1001 556 corrupta
1018 477 1081 556 ple·

74 574 167 634 rnque
183 567 271 636 atque
284 574 320 618 eo
333 559 589 638 perniciosissima,
606 557 683 636 quod
695 558 838 646 abundant
850 560 982 622 dulcibus
993 560 1080 621 vitiis.

75 639 179 700 Velles
196 659 261 701 eum
272 658 326 701 suo
341 641 457 719 iugenio
469 641 588 718 dixisse,
605 642 700 702 alieno
713 642 830 704 iudicio.
859 642 931 704 Nam
945 645 970 704 si
985 643 1081 722 aliqua
1091 659 1143 715 130
1187 711 1191 718 ⁴

5 731 20 748 ¹·
78 725 314 803 contempsisset,
332 725 358 783 si
373 734 485 803 partem
500 741 557 785 non
573 725 776 805 concupisset,
802 727 827 788 si
847 744 905 786 non
920 727 1014 787 omnia
1029 743 1082 788 sua

5 863 7 866 ,
76 815 219 884 amasset,
242 807 268 867 si
289 826 384 868 rerum
408 807 539 886 pondera
560 809 754 869 minutissimis
774 811 925 871 sententiis
948 827 1006 870 non
1024 810 1082 870 fre-

5 947 7 952 .
75 890 185 967 gisset:
219 907 364 952 consensu
386 891 481 970 potius
503 890 677 952 eruditorum
698 911 783 972 quam
804 911 960 974 puerorum
983 909 1083 954 amore

76 971 326 1051 comprobaretur.
355 973 463 1035 Verum
479 976 522 1035 sic
538 992 654 1054 quoquc
676 976 730 1037 ianr
743 976 870 1038 robustis
887 977 1139 1045 etseveriore131
1185 993 1186 1000 ¹

73 1073 187 1132 genere
202 1059 274 1117 satis
291 1057 408 1134 firmatis
421 1057 563 1136 legendus
575 1059 623 1119 vel
635 1058 712 1136 idco,
729 1059 806 1139 quod
823 1078 964 1121 exercere
983 1068 1082 1140 potest

74 1139 210 1218 utrinque
226 1141 372 1201 iudicium.
399 1139 489 1202 llulta
500 1142 585 1218 euim,
601 1151 632 1202 ut
643 1142 712 1219 dixi,
729 1143 879 1222 probanda
890 1144 918 1204 in
930 1161 977 1220 eo,
994 1143 1081 1204 multa

73 1222 162 1282 etiam
177 1221 342 1286 admiranda
364 1233 447 1301 sunt,
470 1225 582 1303 eligere
604 1225 690 1286 ruodo
707 1244 794 1287 curae
808 1229 859 1298 sit;
884 1227 961 1306 quod
976 1227 1082 1287 utinum

5 1369 6 1372 Ἴ
73 1307 140 1383 ipse
161 1306 292 1368 iecisset.
321 1305 416 1385 Digna
429 1309 504 1369 enim
515 1308 569 1370 luit
580 1309 629 1370 illa
640 1317 751 1387 natura,
763 1328 836 1389 quae
847 1310 968 1371 meliora
978 1309 1081 1386 vellet,

73 1401 151 1466 quae
167 1390 244 1468 quod
259 1391 351 1452 voluit
368 1389 476 1452 eilecit.

447 1586 490 1636 DE
507 1585 708 1638 lMlTATIONE.

160 1689 197 1750 ll.
230 1689 276 1752 Ex
291 1691 338 1755 his
355 1695 521 1775 ceterisque
538 1696 665 1759 lectione
681 1697 774 1774 dignis
790 1697 955 1756 auctoribus
971 1705 1000 1757 et
1014 1716 1079 1759 ver·

71 1779 177 1840 borum
193 1779 330 1840 sumenda
343 1781 430 1859 eopia
445 1789 490 1841 est
508 1788 537 1840 et
545 1781 671 1840 varietas
687 1781 839 1856 figurarum
852 1788 881 1839 et
890 1781 1081 1858 componendi

72 1865 165 1938 ratio,
190 1871 248 1922 turn
270 1862 306 1923 ad
328 1864 493 1943 exemplum
512 1863 788 1923 virtutumorunium
812 1879 892 1921 meus
917 1862 1077 1939 dirigenda.

73 1946 177 2024 Neque
193 1947 269 2006 enim
282 1946 406 2008 dubitari
423 1956 539 2026 potest,
561 1947 628 2026 quin
643 1947 712 2007 artis
728 1963 795 2025 pars
813 1963 916 2022 magua
932 1947 1078 2006 coutinen-

72 2040 120 2090 tur
135 2031 353 2091 imitatione.
389 2029 463 2092 Nam
478 2039 508 2091 ut
525 2032 654 2092 invenire
669 2031 789 2110 primurn
808 2028 861 2089 luit
876 2038 979 2107 estque
994 2046 1078 2108 prae·

73 2115 210 2191 cipuum:
228 2114 272 2174 sic
288 2129 333 2189 ca,
351 2131 426 2193 quae
448 2114 524 2175 bene
540 2115 654 2175 inventa
669 2122 750 2190 sunt,
768 2113 839 2172 utile
855 2115 948 2190 sequi.
982 2111 1109 2191 Atquen

72 2197 167 2256 omnis
184 2198 262 2256 vitae
286 2198 360 2257 ratio
383 2199 426 2258 sic
447 2207 579 2275 constat,
602 2206 634 2257 ut
654 2214 728 2276 quae
743 2195 899 2276 probamus
914 2196 943 2254 iu
957 2195 1020 2255 aliis
1036 2195 1078 2255 ia·

75 2298 146 2340 cere
167 2281 223 2359 ipsi
247 2279 378 2340 velimus.
417 2282 466 2343 Sic
489 2282 647 2343 litterarum
671 2279 791 2356 ductus,
813 2288 844 2339 ut
863 2278 1008 2338 scribendi
1030 2277 1079 2337 fiat

72 2381 155 2439 usus,
177 2365 260 2442 pueri
274 2374 447 2443 sequuntur;
464 2366 508 2425 sie
522 2365 623 2426 musici
637 2381 740 2424 vocem
755 2363 928 2438 docentium,
948 2364 1078 2439 pictores

70 2463 167 2526 opera
192 2448 334 2525 priorum,
363 2449 463 2509 rustici
485 2449 635 2527 probatam
662 2449 860 2526 experimento
886 2445 1025 2507 culturam
1050 2443 1079 2502 in
1167 2511 1170 2518 ,

71 2529 240 2608 exemplum
256 2530 413 2602 intuentum
431 2532 521 2592 omnis
539 2532 663 2610 denique
681 2529 851 2608 disciplinae
867 2531 945 2590 initia
960 2527 995 2589 ad
1010 2543 1077 2606 pro·

75 2615 201 2693 positum
225 2613 281 2674 sibi
302 2610 514 2695 praescriptum
536 2615 652 2676 formari
668 2615 807 2675 videmus.
841 2611 879 2673 Et
893 2611 1013 2672 hercule
1028 2627 1077 2669 ne·
1089 2625 1129 2680 3·

72 2714 162 2758 cesse
177 2701 226 2755 est
238 2705 287 2757 aut
297 2698 405 2759 similes
422 2708 470 2760 aut
481 2697 635 2759 dissimiles
647 2696 730 2758 bonis
746 2698 843 2756 simus.
873 2695 1000 2757 Similem
1011 2709 1077 2752 raro

72 2789 175 2840 natura
198 2788 345 2859 praestat,
368 2783 537 2861 frequenter
557 2782 685 2842 imitatio.
717 2780 775 2842 Sed
797 2780 854 2839 hoc
874 2780 978 2858 ipsum,
1001 2775 1079 2855 quod

75 2871 154 2924 tanto
168 2863 331 2924 faciliorem
345 2866 429 2925 nobis
450 2867 589 2926 rationem
613 2865 735 2924 omnium
762 2864 830 2924 iacit
851 2879 935 2940 quam
957 2860 1076 2936 initiis,

72 2948 124 3026 qui
140 2946 209 3007 nihil
225 2947 302 3025 quod
318 2957 510 3027 sequerentur
529 2948 705 3024 habuerunt,
729 2949 784 3006 nisi
803 2951 888 3006 caute
909 2951 938 3006 et
956 2962 1019 3004 cum
1034 2943 1076 3003 iu·

74 3027 151 3090 dicio
169 3031 405 3109 apprehenditur,
423 3026 519 3092 nocet.

160 3125 236 3188 Ante
252 3129 346 3189 omnia
368 3130 455 3207 igitur
475 3131 592 3191 imitatio
609 3148 663 3211 per
677 3147 711 3189 se
725 3129 788 3207 ipsa
808 3143 866 3186 non
880 3125 1004 3202 sufficit,
1027 3122 1107 3184 vela

5 3229 7 3234 ’
73 3210 143 3287 quia
160 3210 237 3288 pigri
252 3222 297 3272 est
320 3213 427 3290 ingenii
450 3222 614 3274 contentum
637 3231 703 3274 esse
725 3212 776 3287 iis,
801 3228 875 3291 quae
890 3211 949 3292 sint
960 3207 996 3268 ab
1012 3205 1076 3266 aliis

73 3294 201 3354 inventa.
235 3291 310 3368 Quid
325 3299 400 3357 enim
414 3297 539 3358 futurum
559 3307 621 3358 erat
638 3295 814 3375 temporibus
830 3293 904 3369 illis,
925 3308 999 3372 quae
1014 3289 1077 3350 sine

73 3376 214 3457 exemplo
228 3378 354 3456 luerunt,
366 3382 392 3442 si
402 3381 532 3442 homines
544 3380 623 3458 nihil,
634 3380 690 3440 nisi
702 3377 845 3458 quodiam
858 3375 1075 3454 cognovissent,

73 3457 238 3522 iaciendum
253 3462 308 3523 sibi
329 3472 378 3526 aut
393 3463 575 3544 cogitandum
594 3459 763 3544 putassent?
793 3459 906 3540 Nempe
920 3457 990 3520 nihil
1006 3457 1079 3518 iuis-
