2436 3956
311 213 770 278 rusr.ounron.mu.v111‚1.
1005 209 1043 268 47

33 388 99 432 nou
123 377 277 449 pararunt,
300 367 352 426 suh
374 367 450 429 diem
473 379 628 447 quaerunt:
653 370 691 428 ita
707 370 734 428 in
753 372 900 447 oratione,
920 375 968 450 qui
989 391 1044 434 non

32 456 114 516 satis
135 451 312 513 laborarunt.
349 452 380 511 Si
403 461 575 531 praeparata
597 454 642 511 vis
661 452 774 513 dicendi
797 454 897 514 luerit:
919 455 1002 516 erunt
1016 459 1091 523 ineo

33 538 162 610 cilicio,
179 537 222 594 sic
238 543 340 594 utnon
355 535 493 613 requisita
513 535 693 615 respondere
709 536 807 597 seduc
822 555 938 617 semper
953 543 1044 599 sensi·

31 622 95 682 bus
126 619 279 678 inhaerere
299 618 449 678 videantur
470 627 556 697 atque
580 636 631 677 eos
652 627 683 678 ιιι
705 619 803 680 umbra
827 637 933 700 corpus
951 625 1044 701 sequi.

34 703 155 764 Tamen
170 704 198 762 in
213 701 268 761 hac
282 703 345 780 ipsa
361 719 429 762 cura
445 711 491 761 est
507 701 613 780 aliquid
629 703 708 762 satis.
740 701 811 763 Nam
826 699 940 780 Latina,
957 707 1086 782 signi-31

36 788 175 860 licentia,
193 795 308 860 ornata,
325 802 387 844 cum
405 793 471 863 apte
486 793 551 844 sunt
567 784 727 861 collocata,
744 785 811 865 quid
828 787 948 864 amplius
965 788 1044 849 labo·
1142 845 1149 860 ,

35 865 165 931 remus?
196 867 370 941 Quibusdam
392 877 487 928 tamen
501 869 595 928 nullus
611 877 656 953 est
676 869 739 928 bnis
762 869 949 930 calumniandi
965 889 998 930 se
1017 882 1045 931 et
1140 899 1143 914 ·

36 971 110 1014 cum
132 951 251 1028 singulis
273 969 367 1030 paene
395 950 514 1027 syllabis
545 953 764 1027 commoriendi,
787 954 835 1032 qui
857 954 958 1030 etiam,
982 973 1045 1014 cum

36 1036 154 1116 optima
171 1043 235 1094 sunt
251 1043 384 1114 reperta,
408 1043 549 1113 quaerunt
565 1035 687 1113 aliquid,
709 1038 786 1115 quod
802 1038 839 1096 sit
860 1038 951 1114 magis
974 1040 1044 1098 anti·

36 1137 149 1200 quum,
174 1126 332 1194 remotum,
347 1119 536 1196 inopinatum;
557 1136 612 1178 nec
627 1120 805 1196 intelligunt,
827 1122 925 1181 iacere
940 1139 1044 1180 sensus

36 1205 70 1262 in
89 1203 238 1278 oratione,
255 1203 283 1259 in
299 1218 354 1279 qua
369 1201 459 1261 uerba
477 1201 634 1261 laudantur.
665 1203 707 1262 Sit
722 1203 809 1279 igitur
821 1219 888 1263 cura
905 1203 1088 1263 clocarium

35 1288 87 1346 nis
107 1303 192 1364 quam
202 1285 342 1360 maxima,
359 1284 424 1344 dum
439 1285 563 1344 sciamus
579 1293 689 1360 tamen,
705 1285 774 1344 nihil
788 1285 944 1346 verborum
959 1304 1045 1346 causa

38 1386 114 1430 esse
135 1368 311 1443 laciendum,
337 1385 400 1427 cum
418 1366 507 1428 verba
530 1368 592 1446 ipsa
614 1387 709 1427 rerum
724 1369 816 1445 gratia
838 1371 893 1429 sint
913 1379 1044 1448 reperta:

39 1468 167 1532 quorum
185 1469 218 1510 ea
241 1460 306 1511 sunt
327 1451 449 1510 maxime
470 1449 649 1528 probabilia,
673 1469 747 1530 quae
765 1471 880 1512 sensum
894 1454 978 1513 animi
994 1470 1045 1511 no·

39 1537 95 1596 stri
112 1535 220 1612 optime
235 1544 367 1611 promunt
385 1543 471 1612 atque
487 1535 514 1593 in
532 1535 630 1594 animis
651 1534 790 1609 iudicum,
809 1536 886 1613 quod
901 1536 1044 1611 volumus,

42 1619 185 1680 ellioiunt.
223 1615 265 1676 Ea
281 1615 387 1677 debent
402 1626 552 1694 praestare
567 1618 630 1676 siue
647 1618 733 1677 dubio
753 1628 781 1678 et
799 1619 993 1680 admirabilem
1018 1627 1090 1682 et33
1123 1663 1143 1696 0

44 1701 196 1760 iucundam
211 1703 385 1768 orationem
406 1718 506 1759 verum
527 1698 722 1760 admirabilem
745 1719 801 1760 non
817 1704 875 1777 sio,
899 1702 1045 1782 quomodo

42 1783 179 1864 prodigia
199 1785 348 1859 miramur,
374 1791 403 1843 et
428 1782 577 1842 iucundam
605 1799 661 1842 non
681 1783 801 1843 deformi
822 1785 970 1864 voluptate
992 1785 1045 1846 sed

42 1885 110 1929 cum
127 1867 211 1926 laude
229 1885 263 1926 ac
281 1867 418 1944 dignitate
436 1866 596 1926 coniuncta.

131 1949 152 2008 l.
181 1949 287 2027 igitur,
311 1968 395 2029 quam
416 1949 520 2010 Graeci
541 1943 652 2029 φράσιν
666 1957 789 2024 vocant,
812 1949 910 2010 Latine
926 1950 1045 2010 dicimus

41 2034 308 2097 elocutionem.
345 2031 388 2093 Ea
411 2041 559 2111 spectatur
579 2031 677 2092 verbis
702 2042 749 2092 aut
770 2033 891 2110 sing-ulis
913 2043 960 2093 aut
978 2050 1045 2093 con·

41 2118 160 2180 iunctis.
190 2115 221 2176 ln
236 2116 355 2193 siugulis
371 2116 534 2176 intuendum
547 2125 609 2190 est,
632 2125 662 2175 ιιι
678 2117 733 2175 siut
748 2114 861 2190 Latina,
878 2118 1044 2195 perspicua,

42 2209 164 2274 ornata,
188 2199 271 2260 adid
292 2199 369 2277 quod
389 2199 510 2259 ellicere
529 2199 661 2258 volumus
683 2199 911 2267 accommodata3
933 2201 961 2259 in
977 2216 1044 2278 con·

43 2285 165 2357 iunctis,
181 2291 211 2342 ut
223 2283 387 2358 emendata,
404 2292 434 2341 ut
450 2282 608 2357 collocata,
625 2290 656 2341 ut
667 2282 797 2359 figurata.
833 2281 891 2342 Sed
905 2300 938 2342 ea
949 2327 958 2357 ,
971 2287 1098 2361 quraet·

43 2369 84 2428 de
104 2368 214 2426 ratione
229 2366 327 2426 Latine
345 2375 430 2445 atque
453 2365 602 2426 emendate
626 2365 762 2444 loquendi
781 2365 896 2426 luerunt
913 2365 1045 2443 dicenda,

43 2455 73 2511 in
103 2449 177 2509 libro
203 2451 311 2527 primo,
339 2468 402 2510 cum
429 2449 465 2509 de
491 2449 675 2526 grammatice
702 2449 903 2529 loqueremur,
930 2450 1045 2509 executi

45 2550 155 2594 sumus.
192 2531 298 2592 Verum
314 2533 373 2591 illio
388 2541 509 2608 tantum,
526 2550 562 2591 ne
577 2533 681 2592 vitiosa
697 2541 810 2609 essent,
827 2535 1028 2612 praecepimus
1037 2545 1051 2599 ;·

43 2619 93 2678 hic
115 2633 173 2675 non
195 2615 317 2675 alienum
340 2625 383 2676 est
404 2615 574 2691 admonere,
596 2625 627 2675 ut
645 2618 701 2676 sint
722 2634 806 2694 quam
826 2617 939 2676 minime
960 2633 1044 2694 pere·

43 2701 127 2778 grina
150 2708 179 2758 et
200 2709 328 2759 externa.
361 2697 466 2758 Multos
495 2699 583 2774 enim,
611 2698 713 2776 quibus
734 2698 871 2777 loquendi
893 2699 966 2758 ratio
988 2714 1047 2756 non

46 2784 138 2857 desit,
161 2783 306 2858 invenias,
329 2799 402 2862 quos
421 2784 536 2843 curiose
558 2785 653 2860 potius
669 2783 749 2860 loqui
771 2782 878 2842 dixeris
894 2799 978 2859 quam
994 2779 1047 2840 La·

46 2868 119 2933 tiue;
143 2864 287 2943 quomodo
310 2875 339 2924 et
359 2865 409 2926 illa
430 2866 526 2926 Attica
545 2883 615 2926 anus
636 2863 880 2943 Theophrastum,
904 2865 1047 2924 hominem

47 2949 156 3028 alioqui
167 2949 394 3024 disertissimum,
408 2958 542 3009 annotata
554 2950 636 3008 unius
648 2948 831 3009 affectatione
843 2947 935 3024 verbi,
949 2948 1046 3027 hospi·

48 3042 108 3093 tem
125 3031 211 3107 dixit,
238 3049 293 3091 nec
310 3032 367 3092 alio
389 3051 421 3092 se
444 3034 471 3093 id
487 3032 715 3112 deprehendisse
731 3033 907 3108 interrogata
925 3048 1045 3108 respon·

48 3116 104 3190 dit,
128 3132 212 3192 quarn
227 3116 303 3193 qnod
319 3117 432 3175 nimium
446 3115 544 3175 Attice
562 3115 742 3194 loqueretur.
773 3112 810 3173 Et
827 3115 855 3172 in
870 3113 936 3172 Tito
954 3112 1076 3187 Livio,3

48 3199 137 3258 mirae
161 3198 310 3259 facundiae
332 3201 413 3274 viro,
441 3206 521 3278 putat
543 3199 641 3258 inesse
660 3197 755 3257 Pollio
770 3197 885 3256 Asinius
908 3196 1046 3274 quandam

49 3281 273 3341 Patavinitatem.
313 3283 427 3357 Quare,
452 3283 476 3341 si
492 3281 555 3342 lieri
570 3290 669 3359 potest
684 3291 713 3341 et
728 3281 818 3340 verba
836 3280 928 3338 omnia
945 3287 973 3336 et
988 3294 1047 3337 uox

49 3363 132 3424 huius
147 3363 288 3424 alumnum
305 3365 384 3426 urbis
406 3364 520 3441 oleant,
543 3374 573 3425 ut
590 3365 682 3424 oratio
698 3363 825 3450 Romana
842 3359 927 3440 plane
948 3360 1046 3421 videa·

50 3455 110 3524 tur,
128 3463 185 3506 non
200 3448 316 3508 civitate
331 3450 446 3509 donata.
