2470 3962
5 3563 17 3666 4

324 207 414 276 msc.
437 223 585 277 44444444.
609 199 821 296 nrn.rr11‚1o.
999 218 1060 280 267

33 381 159 462 quibus
183 381 278 442 nullae
297 382 373 461 apud
390 401 441 443 eos
465 383 576 444 dulcius
592 379 724 462 ‘spirant;
746 403 817 465 quas
838 389 960 446 mutuari
981 387 1058 446 sole-

30 486 132 544 mus,
159 469 290 546 quotiens
315 467 429 527 illorum
446 467 605 527 nominibus
621 471 733 529 utimur.
766 467 851 542 Quod
868 489 932 530 cum
949 473 1102 537 contin-28

30 555 109 629 git:
134 551 236 612 nescio
260 551 404 628 quomodo
426 551 545 612 hilarior
568 555 698 630 protinus
718 547 830 612 renidet
851 556 960 626 oratio,
985 547 1058 614 utin

33 637 195 716 Ephyris
221 643 250 694 et
272 631 431 714 Zephyris.
469 635 552 709 Quae
579 637 603 694 si
626 639 733 696 nostris·
758 635 861 696 litteris
879 637 1057 716 scribantur:

34 718 172 779 surdum
200 717 332 796 quiddam
357 728 386 777 et
408 717 559 778 barbarum
586 721 730 796 efficient,
760 730 789 779 et
811 721 893 780 velut
914 721 941 780 in
962 721 1059 782 locum

36 821 154 864 earum
169 802 329 862 succedent
352 803 449 861 tristes
474 812 502 876 et
524 799 677 878 horridae,
705 803 808 882 quibus
827 804 949 864 Graecia
966 816 1056 865 caret.

34 887 125 947 Nam
144 885 255 960 stilla,
277 904 354 964 quae
378 896 423 946 est
446 896 529 945 sexta
550 897 727 963 nostrarum,
754 907 847 968 paene
865 889 1099 960 4441444434349
1186 963 1189 967 .

34 973 129 1049 voce
152 970 200 1031 431
223 972 336 1028 omnino
359 987 416 1030 non
439 988 515 1032 voce
538 973 731 1049 44114314134
754 971 916 1031 discrimina
933 969 1058 1032 dentium

39 1052 179 1116 efflanda
193 1061 252 1121 est;
269 1071 355 1133 quae,
372 1053 456 1136 ctiam
470 1073 533 1114 cnm
545 1053 677 1114 vocalem
690 1055 819 1134 proxima
834 1058 938 1136 accipit
952 1073 1057 1136 quassa

26 1137 282 1220 quodammodo,
309 1138 407 1216 utique
424 1140 557 1220 quotiens
574 1139 698 1216 aliquam
711 1141 923 1216 'consonantem
939 1140 1056 1218 frangit,

38 1231 77 1282 ut
98 1223 127 1281 in
143 1221 201 1282 hoc
217 1222 281 1302 ipso
296 1223 429 1306 1444941,
446 1221 532 1281 multo
550 1223 579 1280 ht
596 1221 748 1285 horridior.
782 1217 923 1284 Aeolicae
940 1241 1057 1304 quoqne

39 1309 186 1381 litterae,
209 1323 265 1384 qua
286 1325 408 1368 4344444
430 1325 611 1386 cereumque
634 1307 770 1382 dloimus,
795 1307 905 1367 etiamsi
926 1306 1018 1367 iorma
1040 1325 1056 1366 a

40 1389 138 1452 nobis
156 1390 305 1468 repudiata
324 1397 385 1465 331,
409 1391 452 1451 413
470 1398 564 1450 134434
582 1406 634 1448 443
651 1392 713 1468 ipsa
732 1392 927 1469 persequitur.
962 1391 1099 1460 11443330

41 1484 78 1536 41
97 1473 150 1537 1113
164 1471 291 1550 syllabas
307 1471 391 1548 iacit,
409 1476 483 1553 quae
499 1474 534 1533 ad
552 1475 765 1551 coniungendas
781 1473 893 1554 demum
910 1473 1056 1534 subiectas

41 1559 107 1618 sibi
130 1556 251 1618 vocales
276 1565 321 1617 est
346 1555 439 1634 utilis,
464 1559 533 1618 alias
560 1577 759 1636 supervacua,
781 1567 811 1617 ut
837 1577 929 1638 equos
951 1559 1006 1618 1434
1028 1567 1057 1617 31

42 1662 163 1722 equum
178 1639 426 1710 scribimus;'cum
445 1644 529 1702 etiam
542 1643 623 1720 ipsae
638 1639 694 1700 hae
707 1639 826 1701 vocales
843 1643 916 1702 duae
930 1635 1062 1702 3111313441

42 1745 173 1802 sonum,
196 1725 288 1803 qualis
305 1723 381 1804 apud
397 1724 525 1788 Graecos
545 1725 638 1784 nullus
656 1734 716 1800 est,
741 1727 867 1806 ideoque
885 1727 975 1785 scribi
991 1725 1055 1785 illo·

42 1829 114 1872 rum
131 1809 235 1872 litteris
252 1826 309 1869 non
325 1816 433 1889 potest.
464 1803 559 1882 Quid?
576 1808 810 1890 quodplcraque
826 1827 879 1882 nos
901 1809 951 1869 illa
974 1811 1055 1887 quasi
1063 1825 1097 1878 31

43 1895 199 1972 mugiente
227 1893 323 1954 littera
348 1893 486 1954 cludimus
510 1888 554 1968 M,
584 1911 640 1972 qna
668 1891 775 1952 nullom
800 1891 912 1952 Graece
935 1892 1056 1951 verbum

45 1977 146 2040 cadit:
162 1988 190 2037 at
206 1976 248 2037 illi
263 1996 301 2054 ny
324 1977 474 2041 iucundam
496 1985 524 2036 et
545 1978 573 2039 14
589 1977 644 2035 1443
661 1973 819 2056 praecipue
836 1977 918 2054 qnasi
934 1977 1055 2035 tinnien-

45 2075 111 2124 tem
128 2060 204 2123 illius
221 2061 289 2121 loco
308 2069 431 2140 ponunt,
476 2079 529 2125 uae
548 2070 593 2121 331
610 2062 685 2138 apud
702 2079 754 2120 nos
770 2055 916 2118 rarissima
933 2059 1055 2128 inclau-

45 2145 134 2206 sulis.
174 2141 269 2218 Quid?
295 2145 372 2225 quod
389 2079 521 2220 3411311433
537 2153 655 2205 4431433
672 2145 698 2202 14
714 2144 736 2203 Β
753 2140 876 2204 litteram
896 2152 924 2202 31
942 2141 966 2202 D
986 2144 1055 2202 1441·Ὶ
1065 2157 1099 2212 34

46 2239 149 2290 tuntur
165 2225 238 2288 a'deo
255 2247 378 2307 aspere,
395 2237 424 2287 41
441 2227 574 2306 plerique
591 2246 646 2288 non
663 2227 925 2304 antiquissimorum
941 2226 1056 2306 quidem

46 2311 106 2374 sed
129 2322 222 2392 tamen
245 2311 510 2372 veterum'mollire
532 2314 735 2390 temptaverint
757 2328 813 2370 non
830 2311 922 2370 solum
944 2327 1057 2370 444434

47 2414 107 2476 pro
129 2397 269 2458 obversis
290 2396 413 2456 dicendo
432 2395 485 2456 sed
508 2397 580 2454 etin
597 2395 815 2476 praepositione
833 2394 855 2453 B
873 2393 988 2453 litterae
1005 2392 1055 2452 ab·

47 2497 153 2540 sonam
170 2489 199 2540 et
216 2482 308 2560 ipsam
326 2481 345 2540 S
371 2480 560 2542 suhiioiendo.
600 2478 658 2540 Sed
677 2487 814 2539 accentus
837 2495 970 2556 quoque,
995 2477 1099 2548 cum3‘3

47 2567 151 2642 rigore
174 2565 314 2645 quodam,
338 2573 395 2623 tem
419 2563 601 2622 similitudine
625 2565 704 2642 ipsa,
726 2563 817 2622 minus
842 2579 947 2642 343433
967 2559 1056 2619 habe·

48 2667 130 2716 mns;
154 2649 220 2726 quia
241 2646 339 2707 ultima
361 2645 474 2722 syllaba
497 2664 552 2704 nec
577 2655 660 2712 acuta
682 2663 805 2724 unquam
834 2645 974 2702 excitatur
1001 2659 1057 2702 nec

50 2733 131 2794 11443
159 2729 380 2792 circumducitur
408 2730 462 2789 sed
488 2730 516 2786 in
538 2746 656 2806 gravem
684 2728 732 2789 vel
757 2729 826 2812 duas
850 2745 956 2803 graves
982 2726 1058 2785 cadit

50 2833 180 2894 semper.
220 2813 321 2891 Itaque
346 2821 491 2886 13414331
515 2830 610 2872 sermo
630 2811 758 2872 Graecos
773 2810 873 2870 Latino
897 2809 1056 2882 iucundior,

48 2909 83 2958 ut
99 2899 190 2958 nostri
206 2906 329 2976 poetae,
346 2899 480 2975 quotiens
496 2897 581 2958 dulce
599 2901 713 2956 carmen
730 2911 797 2954 esse
813 2893 971 2969 voluerint,
991 2893 1056 2952 illo·

51 2999 116 3041 rum
138 2981 165 3040 id
187 2981 347 3041 nominibus
372 2991 521 3043 exornent.
560 2979 679 3042 11131113
703 2980 885 3060 potentiora,
910 2977 1100 3056 4444143334

51 3061 194 3144 plurimae
219 3074 317 3125 carent
346 3065 608 3144 appellationibus,
633 3071 662 3124 ut
687 3083 736 3124 eas
762 3058 1057 3136 434333331114443-

52 3151 134 3210 13443
162 3155 209 3206 341
237 3147 402 3218 4144441434
431 3150 516 3210 etiam
538 3149 568 3210 in
592 3147 643 3224 iis,
670 3167 745 3228 quae
771 3147 952 3206 denominata
982 3151 1056 3220 sunt,

54 3227 164 3294 summa
182 3239 338 3312 paupertas
357 3231 383 3290 in
407 3233 509 3294 eadem
530 3250 583 3295 uos
605 3232 838 3312 frequentissime
861 3228 1001 3298 revolvit;
1030 3236 1058 3288 at

54 3317 113 3376 illis
128 3332 187 3374 non
202 3315 357 3376 verborum
371 3316 474 3392 modu,
491 3316 544 3378 sed
559 3313 718 3392 linguarum
737 3317 821 3375 etiam
837 3315 911 3375 inter
926 3331 959 3372 se
976 3309 1043 3372 dille

55 3401 177 3461 rentium
192 3399 277 3479 copia
294 3408 347 3460 cst.
367 3399 369 3404 ’
565 3395 568 3402 “
758 3403 762 3410 ’

141 3481 238 3556 Quare
255 3485 302 3561 qni
325 3501 341 3544 3
363 3480 470 3544 Latinis
492 3484 592 3560 exiget
612 3481 690 3542 illam
711 3483 831 3559 gratiam
849 3481 990 3541 sermonis
1008 3477 1099 3538 htbb
