2436 3956
181 166 222 228 32
497 177 534 226 m.
550 176 628 224 nnn.
645 175 865 248 qunnrnrnru

136 341 226 398 esest
241 331 331 406 enim,
349 329 397 408 qui
411 337 508 406 negot.
545 327 686 403 Quantum
702 327 871 410 receperit?
893 347 929 392 an
944 328 1118 392 reddiderit?
1138 347 1166 388 an

180 417 327 494 protinus,
346 414 394 492 qui
405 429 462 472 non
472 412 612 489 reddidit,
628 414 756 490 ingratus
771 411 828 475 sit?
846 433 882 475 an
895 416 1023 496 potuerit
1035 407 1167 475 reddere?

179 517 216 559 an
239 498 284 574 id,
309 497 386 577 quod
413 496 604 574 exigebatur,
632 495 787 557 debuerit?
810 515 867 576 quo
890 499 982 560 animo
1008 495 1065 557 sit?
1107 498 1167 557 Sim·

179 582 319 660 plieiores
343 581 413 642 illae
436 581 567 640 iniusti
589 580 759 659 repudii,
785 581 839 642 sub
855 599 910 659 qua
926 582 994 658 lege
1013 591 1167 642 controver-

178 666 241 725 siae
256 665 326 725 illud
342 665 490 743 proprium
505 663 629 740 babent,
646 665 723 743 quod
737 681 754 724 a
770 674 853 743 parte
870 665 1034 726 recusantis
1050 663 1168 724 defensio

136 761 172 816 39
180 757 225 808 est
246 758 275 808 et
296 748 479 809 deiendentie
497 751 654 809 aecusatio.
697 748 870 825 Praeterea,
894 767 958 810 eum
976 749 1041 827 quis
1066 747 1168 806 ratio·

178 849 254 892 nem
276 833 407 892 mortis
434 833 463 891 in
484 833 591 892 Senatu
615 832 726 907 reddit,
745 831 794 892 ubi
811 849 866 892 una
882 834 1015 911 quaestio
1035 839 1079 890 est
1099 828 1168 900 iuris,

181 915 226 976 An
246 916 270 973 is
296 916 408 976 demum
430 915 627 993 prohibendus
651 917 704 989 sit,
731 916 780 994 qui
795 917 868 976 mori
881 917 957 991 vult,
980 924 1012 975 ut
1031 933 1065 974 se
1086 913 1169 990 legum

178 999 340 1060 notionibus
353 997 514 1065 subtraham
532 1006 631 1058 cetera
647 997 815 1084 qualitatis,
831 991 999 1076 ⁴Finquntur
1016 1007 1045 1057 et
1060 1005 1167 1057 testa·

178 1092 312 1159 menta,
339 1083 367 1142 in
393 1081 496 1160 quibus
520 1081 557 1143 de
581 1081 644 1141 sola
666 1091 836 1160 quaeratur,
861 1091 892 1158 ut
916 1083 945 1142 in
964 1078 1167 1154 ,controversia

178 1185 262 1246 quam
290 1184 378 1245 snpra
402 1166 540 1244 exposui,
570 1166 676 1244 inqua
706 1165 742 1226 de
773 1175 854 1244 parte
882 1166 1046 1246 patrimonii
1071 1169 1166 1242 quarta,

61 1242 65 1258 “
179 1268 262 1328 quarn
285 1259 368 1328 pater
390 1248 557 1326 dignissimo
578 1267 615 1310 ex
638 1250 703 1310 filiis
726 1250 901 1328 reliquerat,
921 1249 1098 1310 contendunt
1118 1243 1166 1323 phi·

177 1333 335 1411 Iosephus,
355 1333 502 1407 medicus,
515 1340 623 1392 orator.
658 1332 743 1406 Quod
757 1333 833 1392 idern
848 1333 968 1409 oceidit,
985 1335 1012 1393 si
1028 1331 1115 1392 orbae
1128 1343 1166 1385 uu·

177 1417 253 1495 ptias
275 1415 400 1476 indicant
415 1433 501 1493 pares
516 1417 625 1492 gradu,
651 1424 680 1475 et
696 1417 721 1475 si
736 1418 809 1476 inter
827 1417 1009 1496 propinquos
1025 1415 1062 1476 de
1077 1413 1165 1474 idoneo

135 1507 341 1579 loqueremtur.
387 1498 448 1558 Sed
460 1515 516 1557 nee
533 1515 633 1558 omnes
646 1499 713 1558 mihi
730 1502 869 1578 persequi
887 1501 1026 1560 materias
1043 1500 1071 1557 in
1090 1495 1166 1556 anino

177 1591 239 1659 est,
261 1582 328 1659 ungi
350 1578 424 1640 e'nim
443 1582 536 1643 adhue
559 1591 696 1659 possunt;
718 1601 773 1643 nee
794 1599 895 1644 omnes
917 1601 1018 1643 earum
1038 1575 1165 1660 quaestio·
1193 1627 1194 1632 ,

107 1725 113 1732 ,
176 1683 246 1742 nes,
264 1666 331 1744 quia
345 1664 538 1749 positionibus
553 1673 705 1726 mutantur.
749 1665 813 1726 lloo
829 1675 935 1726 tontum
951 1665 1093 1738 admiror,
1115 1657 1164 1719 Fla·

176 1767 259 1824 vum,
280 1750 360 1809 ouius
375 1748 451 1827 apud
468 1767 514 1810 me
529 1766 637 1809 summa
652 1759 697 1809 est
712 1750 888 1825 auotoritas,
907 1767 972 1810 eum
988 1758 1081 1810 artem
1095 1741 1163 1803 sobo·
1193 1799 1194 1804 ,

177 1833 223 1894 lae
241 1841 348 1893 tautum
364 1842 569 1911 componeret,
589 1842 646 1893 tam
661 1842 783 1911 anguste
796 1833 942 1892 materiam
960 1831 1105 1912 qualitatis
1119 1834 1162 1884 ter·

176 1935 312 1978 morasse.

135 2015 167 2068 ll
261 1999 457 2073 Quantitas
478 2015 615 2078 quoque,
638 2007 669 2058 ut
686 1998 761 2073 dixi,
786 1999 897 2058 etiamsi
912 2016 969 2059 non
985 2014 1102 2077 semper
1116 1989 1162 2086 ples

177 2101 298 2163 rumque
319 2093 414 2144 tamen
436 2081 530 2142 eidem
551 2081 700 2157 subiacet,
734 2099 786 2142 seu
811 2082 888 2142 modi
910 2091 955 2142 est
980 2101 1036 2144 seu
1063 2087 1163 2139 numeri·

177 2168 236 2228 Sed
257 2166 357 2226 modus
379 2165 533 2244 aliquando
555 2174 668 2225 constat
688 2165 888 2246 aestimatione
907 2166 991 2242 laeti,
1018 2169 1117 2246 quauta
1137 2153 1164 2250 sjl

178 2251 279 2329 eulpa,
304 2260 476 2328 quantumve
499 2249 686 2317 beneficium
723 2249 877 2328 aliquando
904 2251 983 2326 iure,
1012 2267 1074 2310 eum
1099 2241 1163 2302 iou

178 2335 406 2395 controversiam
427 2335 523 2408 veuit,
547 2351 604 2412 qua
619 2335 683 2412 quis
704 2331 774 2410 lego
791 2333 951 2412 puniendus
968 2333 1020 2392 vel
1041 2331 1161 2391 honorat·

136 2418 231 2477 ludus
252 2418 298 2475 sit.
348 2417 503 2494 Stuprator
527 2416 629 2476 deeern
654 2415 732 2476 milia
754 2417 824 2477 dare
845 2415 968 2493 debeat,
990 2432 1065 2495 quae
1086 2413 1161 2497 puel?

178 2501 244 2560 huie
263 2499 371 2558 urimini
388 2499 542 2558 constituta
563 2505 625 2566 est:
652 2517 703 2575 an,
722 2501 788 2578 quia
804 2509 949 2578 stupratus
965 2518 999 2560 ee
1023 2487 1161 2574 suspendo

179 2585 274 2661 eapite
290 2584 383 2661 puniri
400 2591 534 2662 tanquam
549 2600 637 2644 eausa
652 2580 774 2643 mortis?
817 2583 882 2657 Quo
898 2586 927 2644 io
949 2599 1061 2661 genere
1077 2572 1160 2636 ialluu·

177 2676 240 2743 tur,
271 2668 320 2745 qui
349 2669 387 2726 ita
413 2667 526 2742 dieunt,
552 2675 687 2744 tanquam
714 2667 788 2726 inter
813 2667 883 2726 duas
905 2667 990 2746 leges
1019 2663 1160 2744 quaeratur·

178 2749 250 2810 Nam
268 2751 304 2810 de
326 2750 429 2811 deeem
446 2750 561 2811 milibus
575 2749 653 2810 nulla
670 2751 870 2810 controversia
885 2759 946 2827 est,
971 2767 1046 2830 quae
1061 2757 1110 2804 net
1122 2749 1172 2814 pes

135 2834 282 2893 ittuntur.
319 2833 457 2894 Iudicium
472 2834 616 2910 redditur,
633 2851 669 2893 au
683 2851 751 2894 reus
768 2851 854 2893 eausa
870 2835 907 2892 sit
925 2835 1036 2893 mortis.
1064 2826 1093 2887 lu
1108 2831 1160 2880 ⁰⁰¹¹·

178 2917 318 2976 ieoturam
341 2934 459 2996 quoque
481 2917 582 2978 eadem
606 2917 722 2995 speeies
746 2917 836 2992 eadit,
866 2934 951 2992 eum,
976 2920 1111 2994 perpetuo
1133 2911 1159 2994 {¹¹

179 3001 381 3078 quinquennali
403 3003 440 3060 sit
462 3001 550 3060 exilio
569 2999 747 3076 multandus,
764 3001 792 3058 in
812 3001 1040 3060 controversiam
1057 2986 1158 3052 renent·

178 3085 224 3142 An
239 3083 366 3162 prudens
381 3085 500 3147 eaedem
516 3085 691 3145 commiserit
702 3083 858 3162 quaeritur.
893 3081 946 3144 llla
964 3095 1087 3162 quoque,
1100 3075 1159 3165 qli?

135 3169 215 3226 alex
231 3184 352 3228 numero
369 3167 499 3243 ducitur,
516 3167 626 3245 pendet
641 3185 678 3226 ex
694 3168 773 3226 iure:
796 3166 843 3225 hu
859 3165 1040 3242 Thrasybulo
1062 3151 1158 3246 11131111

179 3251 306 3329 praemia
322 3247 505 3310 debeantur?
525 3258 571 3326 et,
590 3248 662 3310 cum
676 3250 733 3310 duo
746 3250 825 3310 iures
838 3252 989 3328 peouuiam
999 3233 1157 3310 abstulerint,

176 3335 332 3412 separatim
339 3333 529 3412 quadruplum
538 3335 660 3412 quisque
674 3351 709 3394 an
722 3331 970 3411 duplumdebeat?
984 3329 1040 3394 Sed
1048 3327 1090 3388 hit
1100 3325 1156 3394 ‘1¹¹⁰'

178 3435 235 3495 que
245 3417 351 3478 laetum
364 3419 539 3494 aestimatur,
552 3426 689 3478 ettamen
702 3417 746 3477 ius
759 3417 852 3495 ipsum
864 3417 971 3496 pendet
982 3433 1019 3476 ex
1031 3403 1155 3490 qualitate·
