2470 3962
349 201 800 282 ruer.onnnon.urn.‚q11,'.e.
814 211 840 266 9.
864 289 870 300 .
1018 200 1079 266 259

75 373 329 448 consignationes,
346 373 439 448 ipsum
455 371 581 450 denique
598 370 794 432 adversarium
809 371 948 450 quaerique
962 389 1079 433 nonne·

1 467 2 470 ’
72 466 222 536 gaurum.
251 454 381 532 Ideoque
402 472 475 534 opus
491 465 537 516 est
552 455 655 516 intueri
671 471 756 530 omne
774 454 832 518 litis
847 456 1064 517 instrumentum
1071 477 1078 524 ;
1091 469 1122 520 12

73 539 158 620 quod
177 539 278 600 videre
293 555 350 598 non
368 549 412 600 est
427 541 514 616 satis,
529 538 741 618 perlegendum
759 539 829 604 erit..
845 535 929 616 ,llam
944 539 1079 616 frequen·

1 653 3 660 v
72 626 189 685 tissime
205 631 254 684 aut
267 640 324 684 non
339 632 404 682 sunt
418 624 544 699 omnino,
562 640 637 700 quae
654 621 907 700 promittebantur,
925 632 971 684 aut
989 625 1080 694 unicus

1 751 2 756 η
74 707 227 770 continent
247 716 296 768 ant
319 725 382 768 eum
408 707 466 770 olio
491 707 587 785 aliquo
615 707 750 782 nocituro
775 707 916 784 permixte
939 717 1082 768 sentent

72 794 163 852 nimia
183 799 249 856 suut
272 801 300 853 et
321 791 407 850 fidem
429 791 487 851 hoe
509 793 574 868 ipso
596 790 778 864 detructum,
809 790 886 867 quod
904 807 960 850 non
975 789 1082 856 habent

72 877 202 946 modum.
235 874 367 953 Denique
389 876 476 936 linum
491 883 605 952 ruptum
621 882 670 934 aut
685 873 828 936 turbatam
843 893 940 936 cerem
955 884 1003 936 cut
1018 876 1080 936 sine
1090 886 1123 938 13

72 962 218 1038 agnitore
232 960 314 1035 signa
335 959 505 1036 frequenter
526 960 671 1028 invenies;
692 975 788 1036 quae,
812 958 867 1016 nisi
882 958 959 1024 domi
975 976 1079 1020 excus-

1 1077 5 1098 ι
74 1047 172 1119 seris,
196 1045 223 1104 in
239 1043 306 1104 lore
327 1043 471 1121 inopinata
489 1043 655 1121 decipient,
677 1041 974 1120 plusque-nocebunt
992 1042 1083 1102 desti--

5 1171 6 1174 ¹
73 1139 137 1192 tuta
156 1145 243 1206 quem·
261 1145 318 1187 non
335 1129 477 1208 promisse
492 1128 670 1188 nocuissent.
700 1124 791 1184 lllultn
805 1127 909 1202 etiam,
933 1145 1007 1204 qnae
1024 1127 1079 1186 liti·

1 1245 5 1269 ,-
72 1223 164 1292 gntor
181 1211 249 1272 nihil
269 1211 436 1286 edeausmn
453 1213 600 1290 pertinere
625 1209 797 1284 crediderit,
824 1219 961 1288 patronus
986 1219 1079 1284 eruet,

1 1348 4 1352 J
72 1297 164 1362 modo
180 1314 233 1374 per
251 1313 362 1372 omnes,
378 1313 454 1375 quos
469 1295 649 1368 tradidimus,
669 1302 902 1370 argumentorum
918 1294 1003 1362 locos
1022 1302 1077 1352 eet.

74 1379 160 1456 Quos
181 1389 211 1441 ut
234 1382 477 1458 circumspectare
499 1381 526 1440 in
544 1377 657 1456 agendo
675 1387 703 1437 et
719 1385 862 1444 attentare
882 1378 1013 1455 singulos
1029 1378 1121 1439 mile

73 1467 152 1526 nime
170 1465 320 1538 convenit,
339 1472 460 1542 propter
476 1481 547 1542 quas
562 1462 690 1523 diximus.
704 1478 822 1522 causus:
841 1463 879 1521 ita
894 1463 923 1521 in
940 1461 1078 1532 discendo

1 1581 2 1588 ι
75 1549 173 1614 rimari
188 1549 386 1616 necessarium
402 1557 463 1623 est,
480 1565 553 1628 quae
570 1563 731 1624 personae,
753 1564 827 1623 quae
844 1553 987 1624 tempora,
1005 1563 1081 1624 quae
1159 1553 1161 1560 ’

74 1633 162 1705 loen,
185 1633 331 1706 instituta,
351 1634 552 1706 iustrumenta,
576 1639 749 1708 ceteraque,
775 1648 812 1691 ex
829 1630 932 1706 quibus
947 1647 1004 1688 non
1020 1639 1081 1688 ten-

1 1772 2 1775 ,
75 1727 136 1776 tum
152 1714 233 1790 illud,
251 1715 328 1792 quod
345 1726 390 1776 est
406 1715 556 1782 artificiale
573 1715 754 1792 probationis
769 1731 877 1789 genus,
895 1715 994 1790 colligi
1012 1727 1080 1791 pos-

74 1802 132 1874 sit,
156 1799 209 1860 sed
225 1801 273 1877 qui
289 1801 432 1862 metuendi
449 1809 558 1873 testes,
581 1797 726 1876 quomodo
741 1798 798 1856 sint
813 1798 978 1858 refellendi.
1009 1797 1080 1857 Nam

74 1884 231 1964 plurimum
247 1883 353 1958 refert,
377 1883 480 1945 invidie
497 1901 567 1944 reus
581 1901 617 1944 en
633 1881 699 1942 odio
720 1898 755 1950 en
771 1889 935 1958 contemptu
955 1880 1079 1955 laboret,

77 1965 202 2044 quorum
220 1967 283 2028 lere
307 1986 374 2044 pars
397 1968 488 2046 prime
505 1969 691 2045 superiores,
713 1966 843 2044 proximu
865 1983 970 2042 peres,
996 1966 1080 2026 tertia

75 2050 247 2112 humiliores
264 2052 378 2128 premit.
409 2051 460 2112 Sic
478 2063 592 2113 eausam
608 2057 822 2128 perscrutatus,
839 2049 1000 2127 propositis
1015 2056 1122 2107 nutele

1 2177 3 2198 2
77 2133 353 2209 oculosornnibus,
380 2137 588 2213 quaeprosint
601 2142 780 2207 noceantne,
805 2134 917 2194 tertium
940 2133 1080 2208 deinceps

1 2272 3 2284 .
75 2234 234 2296 personum
255 2217 351 2280 induat
372 2219 491 2295 iudicis,
512 2219 658 2297 lingetquc
673 2217 749 2296 opud
765 2235 798 2276 se
819 2219 866 2294 agi
882 2234 1015 2290 causum,
1040 2224 1081 2289 et,

1 2331 3 2365 ι
77 2301 157 2379 quod
173 2303 267 2379 ipsum
282 2304 423 2362 movisset
437 2301 473 2365 de
493 2302 594 2365 eodem
609 2321 642 2363 re
657 2301 918 2380 pronuntiaturum,
933 2301 962 2360 id
978 2308 1080 2378 poten·

1 2415 2 2418 ¹
75 2386 227 2460 tissimum,
247 2386 321 2464 apud
336 2403 538 2465 quemcunque
554 2395 668 2464 agetur,
685 2386 839 2446 suistimet.
866 2385 916 2446 Sic
932 2400 997 2446 eum
1013 2399 1082 2444 raro

1 2497 3 2530 :
76 2467 163 2530 fellet
181 2478 319 2546 eventus,
338 2479 385 2530 ont
403 2471 491 2549 culpe
505 2471 606 2532 iudicis
623 2472 687 2530 erit.

391 2683 396 2689 ,
429 2624 515 2684 quun
534 2623 567 2675 uu
585 2591 735 2674 nequens.

165 2727 215 2787 lX.
238 2725 319 2800 Quae
336 2727 443 2786 sintin
461 2724 603 2802 agendo
618 2722 816 2798 servanda,
832 2731 894 2782 toto
911 2722 975 2782 lere
990 2737 1082 2798 opere

77 2812 198 2871 executi
219 2829 331 2878 sumns;
357 2826 450 2889 peuce
471 2817 568 2870 tumen
586 2809 705 2886 proprie
725 2806 808 2868 huius
833 2807 908 2881 leci,
936 2821 1009 2882 quoe
1025 2821 1083 2862 non

76 2904 137 2955 tarn
153 2894 268 2955 dicendi
284 2904 345 2954 erte
363 2909 448 2972 quom
463 2892 569 2955 officiis
585 2893 697 2968 agentis
713 2891 911 2962 continentur,
934 2889 1081 2965 attingam.

75 2979 157 3038 Ante
179 2979 289 3052 omniu,
317 2996 371 3054 ne,
392 2975 471 3055 quod
491 2976 641 3055 plerisque
664 2974 784 3050 oceidit,
812 2973 851 3034 ¹¹ult
872 2973 993 3035 utilitate
1017 2986 1082 3033 eum

77 3081 187 3123 causae
202 3064 366 3141 proesentis
384 3061 488 3138 cupido
506 3058 597 3122 laudis
615 3058 747 3120 abducet.
780 3058 853 3120 Nom
867 3067 898 3118 nt
912 3056 1111 3134 gerentinum

74 3146 156 3206 belle
180 3163 237 3208 non
257 3161 374 3223 semper
398 3146 618 3221 exercitus'per
635 3143 720 3221 pleno
736 3152 766 3203 et
787 3159 908 3204 amoene
933 3140 1081 3200 ducendus

76 3238 139 3305 est,
155 3230 210 3290 sed
226 3229 349 3290 cuccoli
366 3229 537 3307 plerumque
549 3230 645 3306 asperi
662 3226 767 3302 celles,-
786 3223 996 3304 expugnandos
1013 3225 1082 3286 eivi-

75 3323 153 3374 tntes
169 3311 327 3392 quamlibet
343 3313 484 3392 praecisis
501 3312 654 3389 impositure
668 3311 787 3390 rupibus
804 3319 852 3372 aut
867 3325 988 3386 operum
1004 3307 1082 3366 mole

76 3397 232 3458 difficiles:
262 3397 301 3456 im
322 3398 420 3457 >oratio
442 3394 579 3472 gaudebit
594 3394 708 3472 quidem
731 3396 888 3456 occasione
907 3391 1011 3452 laetius
1032 3391 1081 3450 de·

1 3475 2 3532 3
76 3482 213 3542 currendi
235 3488 265 3542 et
287 3496 383 3559 aequo
406 3497 566 3556 congresso
588 3495 689 3558 europe
710 3487 786 3540 totos
801 3480 880 3538 vires
901 3475 1083 3554 populariter

867 3555 929 3620 17*
