2508 3958
364 167 454 216 mvsa.
469 167 841 237 ounron.n1s.V,9.1o.
1040 163 1102 224 203

111 334 139 387 et
155 323 286 384 venalicii
302 329 331 380 et
347 321 516 402 cruditatis)
540 333 569 382 et
589 323 693 384 vulnus
716 326 745 384 in
766 335 889 404 pectore
905 347 957 389 sua
972 348 1056 390 manu
1075 340 1104 390 et

11 423 13 482 ᾗ
109 407 199 470 aliena
219 407 335 486 perisse
357 404 535 482 dicentibus,
561 409 589 466 in
614 424 671 487 qno
688 418 742 468 est.
788 409 869 472 llaec
884 412 1007 491 proinde
1023 414 1104 474 lirrna

108 491 245 553 habentur
260 499 346 568 atque
367 492 548 550 extrinsecus
565 491 741 552 adiuvantur.

188 575 296 638 Eorum
313 581 423 649 autem,
442 591 518 652 quae
533 577 616 652 signa
631 585 696 636 sunt
714 575 828 654 quidem
844 579 896 638 sed
911 597 969 639 non
983 582 1041 640 sint
1054 597 1146 650 ne·12

107 661 248 734 cessaria,
273 675 365 734 genus
387 655 583 735 Hermagoras
604 667 699 737 putat,
728 675 797 719 non
818 678 905 722 esse
925 665 1105 741 virginem

106 744 329 816 Atalantam,
352 741 435 818 quia
456 759 531 801 cum
552 741 747 802 iuvenibus
771 761 837 821 per
857 745 976 807 silvas
992 765 1103 824 vage-

105 839 169 890 tur.
202 826 288 900 Quod
302 826 327 884 si
342 827 556 904 receperimus,
573 842 695 902 vereor,
711 845 749 886 ne
769 829 863 890 omnia
881 846 955 907 quae
972 849 1009 890 ex
1025 831 1103 891 iacto

106 913 262 985 ducuntur,
284 910 367 987 signa
388 908 536 969 iaciamus.
576 909 686 970 Eadem
708 920 804 971 tamen
826 913 938 973 ratione
952 932 1007 993 qua
1022 915 1105 992 signa

106 1003 272 1056 tractantur.
299 991 362 1053 Neo
373 991 441 1052 milri
453 992 586 1053 videntur
597 992 809 1072 Areopagitae,
827 1013 891 1056 cum
908 998 1106 1059 damnaverint
1114 1012 1147 1065 13

11 1133 12 1140 i
105 1098 224 1160 puerum
241 1077 419 1138 coturnicum
434 1077 538 1137 oculos
554 1087 720 1154 eruentem,
742 1078 819 1140 aliud
836 1080 997 1158 iudicasse,
1021 1101 1106 1161 quam

11 1213 12 1216 ,
104 1165 131 1225 id
151 1165 266 1242 signum
287 1178 354 1220 esse
375 1161 641 1239 perniciosissimae
660 1164 763 1222 mentis
784 1163 939 1242 multisque
959 1166 1036 1225 rnalo
1062 1166 1105 1225 iu-

105 1258 198 1323 turae,
227 1246 251 1304 si
271 1243 459 1307 adolevisset.
499 1243 583 1304 Unde
606 1246 702 1324 Spurii
724 1243 823 1306 Maelii
840 1245 990 1326 Marcique
1007 1249 1105 1308 Manlii

105 1331 283 1411 popularitas
306 1330 418 1406 signum
439 1327 565 1388 affectati
582 1331 666 1407 regni
682 1337 728 1389 est
746 1331 947 1392 existimatum.
980 1332 1040 1393 Sed
1054 1350 1104 1392 ve·
1114 1345 1149 1398 14

11 1483 13 1504 1
105 1434 184 1492 reor,
206 1431 247 1474 ne
269 1412 358 1490 longe
379 1413 494 1473 nimium
513 1429 567 1472 nos
586 1413 671 1474 ducat
687 1412 760 1473 haec
775 1416 831 1475 via.
874 1413 947 1475 Nam
964 1419 989 1475 si
1007 1425 1052 1476 est
1068 1417 1105 1475 si-

106 1517 187 1577 gnum
202 1496 356 1580 adulterae
374 1496 464 1556 lavari
480 1513 544 1556 curn
561 1498 648 1557 viris:
668 1499 723 1557 erit
740 1506 769 1558 et
786 1500 942 1559 convivere
960 1518 1024 1560 cum
1036 1500 1105 1560 ado-

14 1657 15 1660 ,
105 1580 298 1657 lescentibus,
320 1579 425 1641 deinde
451 1581 536 1652 etiam
557 1581 735 1641 familiariter
755 1582 876 1643 alicuius
899 1584 1022 1643 amicitia
1049 1584 1105 1650 uti;

105 1677 148 1728 aut
161 1669 294 1728 fortasse
310 1680 417 1743 corpus
440 1663 569 1740 vulsum,
591 1665 712 1725 fractum
732 1666 894 1742 incessum,
915 1675 1028 1726 vestem
1045 1685 1106 1725 nnu-

106 1750 223 1812 liebrem
248 1748 355 1810 dixerit
374 1747 472 1808 mollis
495 1756 524 1807 et
549 1765 649 1826 parum
674 1749 729 1808 viri
744 1750 843 1827 signa,
865 1751 890 1810 si
908 1752 954 1810 cui
972 1751 1052 1828 (curn
1068 1751 1106 1810 si-

103 1854 184 1913 gnum
195 1835 227 1896 id
240 1834 359 1912 proprie
372 1833 420 1908 sit,
437 1831 514 1909 quod
530 1848 568 1891 ex
583 1848 631 1907 eo,
644 1831 681 1891 de
697 1849 754 1910 quo
767 1834 925 1910 quaeritur,
946 1828 1042 1892 natum
1053 1832 1106 1892 sub

104 1920 202 1981 oculos
235 1917 335 1996 venit)
359 1924 391 1975 ut
414 1917 533 1992 sanguis
555 1933 571 1975 a
595 1915 704 1991 caede,
734 1917 773 1976 ita
795 1916 846 1976 illa
869 1934 907 1992 ex
930 1916 1108 1995 impudicitia

102 2003 190 2065 fluere
213 2002 378 2063 videantur.
426 1999 470 2060 Ea
487 2016 604 2077 quoque
623 2017 712 2078 quae,
730 2001 796 2079 quia
815 1999 987 2080 plerumque
1006 1999 1107 2059 oltser-
1115 2012 1149 2067 15

104 2095 269 2162 vetesano,
290 2084 380 2162 vulgo
404 2085 486 2162 signa
507 2084 677 2160 creduntur,
699 2092 730 2143 ut
750 2085 958 2162 prognostica.
987 2083 1106 2143 Vento

104 2171 208 2232 rubet
229 2186 344 2231 aurea
364 2166 514 2228 Phoebe
539 2175 567 2227 et
585 2164 847 2246 Oornixplena
863 2167 1024 2247 pluviam
1043 2183 1107 2226 vo·

103 2264 162 2316 cat
185 2251 355 2333 improba
374 2269 485 2328 voce,
507 2252 533 2309 si
555 2269 658 2311 causas
681 2268 718 2309 ex
734 2248 872 2328 qualitate
889 2250 966 2311 coeli
981 2251 1106 2325 trahunt,

105 2355 173 2400 sane
185 2341 226 2399 lta
238 2336 436 2416 appellentur.
465 2333 538 2394 Nam
553 2337 578 2394 si
592 2343 681 2394 vento
697 2333 782 2394 rubet
798 2333 881 2395 luna:
900 2337 1013 2413 signum
1028 2334 1150 2402 venti16

105 2432 149 2482 est
165 2422 267 2482 rubor.
300 2419 393 2496 Etsi,
416 2427 447 2479 ut
474 2419 549 2479 idem
571 2427 660 2497 poeta
683 2417 807 2496 colligit,
829 2419 965 2482 densatus
985 2427 1014 2478 et
1029 2417 1108 2478 laxa-

11 2523 13 2592 ξ
106 2514 150 2566 tus
165 2523 216 2567 aer
232 2505 316 2580 iacit,
334 2512 365 2564 ut
379 2505 416 2564 sit
431 2501 497 2562 inde
517 2500 567 2563 ille
589 2503 683 2562 avium
707 2510 884 2563 concentus:
907 2502 983 2562 idem
1001 2502 1109 2562 sentie-

11 2593 13 2620 ἵ
106 2607 176 2649 mus.
217 2590 291 2651 Sunt
307 2597 404 2648 autem
419 2588 502 2664 signa
518 2588 603 2646 etiam
618 2603 708 2665 parva
723 2601 907 2664 magnorum,
926 2595 957 2644 ut
971 2585 1021 2645 vel
1036 2585 1110 2644 haec

106 2673 167 2752 ipsa
183 2674 303 2741 cornix3
321 2689 386 2731 nam
403 2672 512 2731 maiora
527 2670 667 2730 minorum
683 2687 765 2748 esse,
783 2686 868 2729 nemo
884 2665 1009 2729 miratur.

465 2823 510 2874 DE
533 2821 754 2875 ARGUMENTIS.

188 2919 226 2984 X.
259 2920 341 2982 Nunc
359 2922 395 3002 de
412 2920 648 2999 argumentis.
681 2917 746 2980 Hoc
764 2918 967 2979 enimnomine
982 2915 1111 2994 comple·

11 3063 12 3068 ,
54 3055 57 3064 .
108 3005 208 3066 ctimur
223 3007 335 3081 omnia,
358 3023 433 3084 quae
446 3004 550 3066 Graeci
570 2997 781 3082 ἐνθυμήματα,
798 2994 1020 3082 ἐπιχειρήματα,
1038 2995 1110 3059 ἄπο-

107 3085 207 3162 delicto
223 3098 344 3165 vocant,
366 3106 527 3168 quanquam
548 3087 624 3167 apud
642 3086 712 3147 illos
728 3095 774 3146 est
790 3085 887 3164 aliqua
905 3085 1007 3144 horum
1022 3083 1111 3141 nomi·

11 3193 12 3206 r
111 3188 172 3230 num
184 3172 357 3250 differentia,
374 3173 484 3234 etiamsi
500 3173 544 3231 vis
561 3171 665 3231 eodem
681 3170 744 3230 lere
756 3169 857 3230 tendit.
889 3166 961 3228 Nam
983 3166 1111 3240 enthy-

111 3270 217 3314 ‘nema
244 3255 343 3336 (quod
372 3275 426 3320 noa
457 3263 653 3318 commentum
674 3272 744 3315 sane
766 3262 814 3315 aut
836 3250 1114 3314 colomentatiooem

123 3345 341 3417 nterpretemur,
361 3342 427 3420 quia
443 3339 527 3400 aliter
541 3355 599 3400 non
619 3355 784 3417 possumus,
803 3334 916 3398 Graeco
933 3332 1037 3394 melius
1054 3332 1111 3410 ati)

11 3511 12 3516 γ
123 3435 193 3480 vnum
220 3423 401 3485 intellectum
423 3421 529 3500 habet,
555 3440 613 3502 quo
636 3423 730 3482 onmia
749 3428 847 3481 mente
865 3426 1008 3497 concepta
1023 3416 1112 3495 signi·
