2446 3962
284 223 374 272 nisu.
388 224 536 274 onuuon.
550 227 621 276 urm.
633 228 669 294 11,
683 225 725 279 19.
738 226 782 278 no.
853 241 862 254 ·
997 219 1036 280 99

42 377 129 437 etione
149 395 217 438 esse
240 387 385 439 contenta.
420 378 484 440 Erit
503 384 577 440 enim
597 383 746 444 rhetorice
766 386 794 444 in
814 391 932 445 oratore
951 387 1036 447 etiam

42 469 163 538 taeeute,
187 464 261 522 etsi
284 463 405 523 desierit
420 481 510 541 agere
530 465 578 524 vel
598 469 752 546 proposito
774 469 823 530 vel
846 469 943 547 aliquo
966 487 1035 531 casu

41 545 197 622 impeditus:
217 563 276 606 non
290 549 382 623 magis
397 547 511 608 desinet
527 567 594 608 esse
610 561 709 611 orator
724 569 808 630 quam
823 552 963 631 medicus,
984 557 1033 635 qui

42 628 147 689 curandi
162 629 269 690 feeerit
284 631 377 690 linem.
415 630 488 691 Nam
510 642 555 692 est
575 633 696 712 aliquis,
718 653 753 695 ae
767 638 869 696 neseio
890 654 925 697 an
945 639 1060 699 maxi-'4
1123 695 1125 700 .

11 743 14 798 g
42 731 110 788 mus,
132 715 217 774 etiam
240 716 416 775 exsecretis
432 715 534 776 studiis
553 717 664 777 fruetus
686 728 794 779 aetum
811 721 1034 800 puravoluptas

11 817 14 846 t
44 795 205 874 litterarum,
230 816 293 857 eum
309 798 344 857 ab
360 808 425 860 aetu
442 799 471 859 id
487 809 533 860 est
548 817 640 880 opere
657 813 844 864 recesserunt
861 813 890 864 et
906 814 1033 866 oontem-

11 889 13 964 ᾗ
42 879 157 956 plutione
180 883 224 940 sui
246 883 386 942 fruuntur.
425 883 484 943 Sed
506 884 659 946 effectivae
682 903 803 966 quoque·
814 887 921 966 aliquid
941 890 1058 952 similes

11 995 13 1048 ζ
44 967 146 1042 seriptis
161 965 341 1026 orationibus
354 966 404 1027 vel
417 966 564 1044 historiis,
589 971 667 1048 quod
688 973 782 1050 ipsum
805 989 879 1050 opus
899 974 929 1031 in
951 983 1034 1051 parte

11 1051 13 1112 ἓ
43 1051 156 1110 oratorie
170 1051 274 1110 merito
290 1052 438 1128 ponimus,
462 1063 667 1132 consequetur.
705 1055 736 1116 Si
753 1064 848 1115 tamen
862 1074 917 1117 una
933 1075 970 1116 ex
985 1059 1033 1116 tri-

11 1131 14 1226 'p
42 1131 86 1192 bus
99 1133 206 1194 artibus
218 1133 351 1194 habenda
364 1137 416 1195 sit:
434 1138 499 1213 quia
513 1139 651 1197 maximus
667 1141 728 1198 eius
740 1157 809 1198 usus
824 1149 889 1200 aetu
904 1143 1033 1200 eontine-

42 1225 80 1275 tur
100 1226 184 1296 atque
210 1227 256 1276 est
281 1220 309 1278 in
335 1234 372 1278 eo
399 1219 647 1298 frequentissima,
682 1221 794 1282 dicatur
824 1225 947 1285 aetina
971 1225 1032 1283 vei

40 1301 346 1379 administrativa,
365 1320 428 1363 nam
447 1314 476 1364 et
490 1304 549 1364 hoe
564 1306 693 1366 eiusdem
710 1307 754 1365 rei
768 1323 874 1367 nomen
890 1317 945 1366 est.

11 1409 15 1512 l
162 1454 298 1505 unuonn
317 1454 363 1502 nu
379 1419 547 1504 noenuruu
564 1454 645 1506 euos
664 1457 697 1505 ur
717 1455 899 1508 comnenus.

11 1519 14 1616 l
113 1549 190 1610 XlX.
221 1551 308 1626 Seio,
325 1552 425 1629 quaeri
441 1554 537 1628 etiam,
552 1558 690 1613 naturane
706 1553 770 1632 plus
788 1555 823 1614 ad
839 1554 1032 1634 eloquentiam
1126 1551 1134 1568 ’

43 1635 161 1695 eonferat
186 1652 223 1695 an
244 1634 383 1694 doetrine.
427 1633 512 1708 Quod
534 1636 570 1696 ad
595 1640 776 1716 propositum
802 1639 917 1717 quidem
941 1643 1032 1699 nostri

11 1713 12 1794 j
45 1721 128 1796 operis
153 1718 225 1779 nihil
251 1720 392 1797 pertinet:
415 1737 510 1797 neque
532 1723 607 1780 enim
627 1730 838 1781 eonsummatos
859 1731 959 1783 orator
978 1725 1032 1783 nisi

11 1849 14 1896 ι
45 1819 79 1860 ex
94 1810 211 1881 utroque
233 1802 296 1862 fieri
320 1812 433 1881 potest,
462 1803 614 1881 plurimum
639 1813 734 1864 tamen
755 1806 868 1865 referre
894 1807 1030 1882 arbitror,

11 1897 13 1926 ι
43 1903 114 1964 quam
129 1903 197 1946 esse
217 1888 245 1945 in
265 1887 323 1946 boe
338 1886 405 1946 loeo
429 1889 629 1965 quaestionem
650 1888 782 1948 velimus.
818 1889 891 1948 Nam
911 1892 936 1950 si
957 1891 1055 1969 partia

38 1970 157 2032 utrilibet
173 1972 288 2031 omuino
304 1970 423 2030 alteram
438 1970 585 2048 detrahas,
605 1979 705 2032 natura
721 1973 807 2032 etiam
821 1975 883 2032 sine
901 1972 1032 2034 doctriua

37 2053 145 2115 multum
159 2053 287 2134 yalebit,
311 2054 441 2115 doctrina
457 2055 537 2115 nulla
554 2073 621 2114 esse
636 2058 815 2124 sinematura
832 2059 949 2136 poterit.
982 2059 1032 2120 Sin

37 2157 70 2197 ex
84 2141 144 2218 pari
160 2148 279 2198 coeant:
298 2140 327 2198 in
343 2139 537 2198 mediocribus
553 2140 669 2218 quidem
686 2143 817 2219 utrisque
831 2144 921 2201 maius
938 2141 1031 2203 adbuc

37 2225 145 2284 oredam
165 2232 283 2283 naturae
309 2240 377 2282 esse
396 2232 586 2300 momentum,
616 2233 827 2285 eonsummatos
848 2234 944 2285 autem
965 2225 1031 2303 plus

36 2305 178 2367 doetrinae
194 2306 305 2367 debere
320 2324 405 2385 quam
418 2317 553 2383 naturae,
575 2307 699 2385 putabo;
722 2309 797 2368 sieut
813 2318 909 2368 terrae
925 2307 1030 2368 nullam

35 2390 206 2452 fertilitatem
222 2390 339 2450 habenti
355 2390 425 2451 nihil
442 2393 565 2470 optimus
582 2391 714 2468 agricola
734 2391 895 2471 profuerit,
920 2401 1030 2452 eterra

36 2474 111 2536 uberi
131 2475 201 2534 utile
224 2474 331 2554 aliquid
352 2476 437 2534 etiam
458 2474 537 2534 nullo
559 2474 676 2536 colente
698 2485 851 2553 nascetur,
874 2486 903 2536 at
917 2477 947 2536 in
964 2475 1029 2536 solo

37 2553 153 2620 ieeundo
168 2559 235 2637 plus
247 2558 342 2619 eultor
354 2577 437 2637 quam
451 2561 515 2637 ipsa
530 2577 585 2638 per
595 2578 629 2618 se
644 2559 758 2620 bouitas
774 2561 830 2620 soli
843 2561 962 2620 efficiet.
981 2558 1056 2635 Et,3

38 2644 57 2700 ei
69 2643 229 2704 Praxiteles
250 2645 361 2720 signum
376 2642 492 2720 aliquod
515 2661 552 2702 ex
571 2643 673 2704 molari
694 2644 791 2723 lapide
808 2655 929 2705 oonams
951 2652 1031 2704 esset

12 2753 15 2828 p
39 2727 208 2806 exculpere,
232 2726 343 2787 Parium
361 2743 485 2785 marmor
509 2727 625 2787 mallem
650 2729 722 2787 rude
730 2751 737 2797 ;
762 2737 792 2787 at
816 2730 841 2788 si
861 2728 933 2789 illud
955 2728 1030 2788 idem

12 2829 15 2898 p
40 2811 135 2870 artifex
149 2809 333 2890 expulisset,
346 2808 412 2889 plus
426 2812 455 2868 in
469 2809 599 2870 manibus
614 2810 718 2871 fuisset
734 2829 819 2891 quam
830 2815 859 2870 in
876 2828 1028 2872 marmore.

39 2889 161 2973 lienique
182 2903 283 2955 natura
303 2895 423 2954 materia
444 2893 593 2954 doetrinae
618 2904 675 2962 est;
698 2895 772 2955 haee
794 2895 891 2973 lingit,
913 2895 964 2955 illa
979 2894 1029 2953 lin·

39 2979 113 3050 gitur.
150 2977 229 3040 Nibil
250 2995 297 3039 ars
313 2979 376 3038 sine
391 2979 527 3055 materia,
550 2981 689 3038 materiae
707 2982 792 3039 etiam
806 2981 869 3039 sine
885 2988 947 3040 arte
962 2997 1028 3058 pre-

12 3063 14 3136 ξ
39 3060 96 3122 lium
115 3071 176 3139 est,
199 3080 246 3122 ars
264 3079 371 3122 summa
385 3063 505 3122 materia
520 3064 628 3142 optima
642 3063 756 3123 melior.

327 3205 373 3259 AN
392 3208 511 3260 VIRTUS
530 3208 724 3260 RHETORIGE.

124 3305 177 3369 (X.
214 3306 268 3366 Illa
284 3308 416 3384 quaestio
439 3316 484 3366 est
503 3308 609 3367 maior:
633 3324 671 3365 ex
689 3303 791 3365 mediis
810 3304 934 3378 artibus,
956 3320 1030 3380 quae

41 3401 72 3445 ne
109 3425 124 3450 .-
145 3391 256 3451 laudari
277 3408 331 3469 per
353 3410 386 3452 se
409 3409 464 3452 neo
484 3391 643 3470 vituperari
662 3398 784 3468 possunt
804 3389 856 3448 sed
879 3385 966 3446 utiles
983 3395 1030 3445 aut

13 3539 17 3654 ι
39 3485 72 3528 so
108 3475 288 3536 =secuudum
303 3491 399 3535 mores
417 3477 555 3535 utentium
573 3473 653 3549 liunt,
671 3472 803 3534 habenda
819 3469 1029 3611 elit*rhetorioe,

13 3655 16 3743 l
