2494 3952
372 195 462 264 mss.
476 213 624 264 osseos.
638 212 797 282 uru.x,1.
969 239 975 260 t
1029 200 1091 266 159

84 387 203 448 semper
218 369 326 428 instans
343 368 397 428 sibi
414 367 666 443 Thucydides,
692 366 783 429 dulcis
800 378 828 428 et
845 366 982 429 candidus
998 376 1027 428 et
1044 367 1087 427 iu·

84 471 133 514 sus
149 452 377 519 Herodotus:
399 451 450 511 ille
474 451 625 510 concitatis
645 450 693 510 hic
716 452 844 511 remissis
860 449 1011 512 allectibus
1028 468 1087 510 me·

83 537 156 612 lior,
172 535 224 596 ills
239 535 421 596 contionibus
442 533 490 594 hio
512 533 709 615 sermonibus,
733 535 784 594 ille
806 538 835 594 vi
857 535 904 594 hic
925 533 1086 611 voluptate.

84 619 341 698 Theopompus
361 617 406 678 his
422 620 570 697 proximus
586 626 616 676 ut
632 617 659 676 in
674 616 793 678 historia
809 617 966 696 praedictis
983 619 1086 692 minor,
1093 626 1128 682 74

83 704 123 764 ita
138 703 246 763 oratori
265 703 357 779 magis
379 701 495 776 similis,
516 708 547 760 ut
568 701 631 778 qui,
658 709 810 778 antequam
833 710 878 769 est
893 695 928 760 ad
943 699 1087 778 hocopus

83 785 273 861 sollicitatus,
294 785 340 845 diu
364 785 453 846 inerit
476 793 582 845 orator.
620 781 800 843 Philistus
818 801 935 862 quoque
950 793 1088 861 meretur,

85 870 133 947 qui
155 867 257 929 turbae
282 869 411 946 quamvis
432 868 573 927 bonorum
595 876 663 946 post
687 884 739 927 eos
760 877 911 927 auctorum
937 867 1087 942 eximatur,

83 952 208 1011 imitator
223 950 399 1027 Thucydidis
416 960 445 1010 et
461 961 491 1010 ut
505 950 594 1010 multo
615 950 752 1010 intirmior
766 953 805 1010 ita
821 950 1002 1029 aliquatenus
1017 949 1088 1012 luci-

84 1034 157 1095 dior.
186 1033 377 1115 Ephorus,
399 1043 429 1094 ut
446 1034 568 1094 lsocrati
583 1034 692 1108 visum,
717 1034 879 1094 calcaribus
902 1042 980 1110 eget.
1016 1031 1131 1096 cti-ts

83 1118 204 1179 turchi
227 1117 366 1196 probatur
388 1120 543 1195 ingenium,
565 1117 638 1176 lides
653 1117 812 1176 infamatur.
845 1116 946 1194 hungo
962 1124 1030 1194 post
1047 1119 1088 1175 in·

83 1201 207 1261 teruallo
226 1203 365 1278 temporis
377 1210 460 1261 uatus
482 1200 695 1277 Timagenes
715 1199 772 1259 hoc
795 1210 839 1260 est
863 1199 912 1259 vel
933 1200 998 1277 ipso
1020 1216 1087 1276 pro·
1178 1219 1179 1226 ¹

83 1284 199 1360 babilis,
216 1284 293 1362 quod
308 1285 498 1344 intermissam
513 1284 648 1343 historias
671 1283 816 1343 scribendi
832 1283 1089 1344 industriamnova

85 1367 170 1426 laude
192 1368 347 1445 reparavit.
387 1365 591 1446 Xenophon
622 1383 679 1425 non
704 1367 811 1426 excidit
838 1367 905 1426 mihi
933 1365 986 1424 sed
1013 1366 1088 1425 inter

84 1449 278 1528 philosophos
293 1450 458 1520 reddendus
474 1460 529 1510 este

169 1534 306 1611 Sequitur
330 1543 516 1595 oratorum
540 1537 642 1611 ingens
657 1550 772 1608 manus,
796 1541 827 1590 ut
847 1551 910 1592 oum
931 1533 1033 1592 decem
1050 1534 1132 1594 silli

84 1617 141 1676 mul
157 1615 279 1676 Athenis
295 1626 375 1677 aetas
391 1635 445 1676 una
461 1616 567 1676 tulerit.
598 1616 726 1689 Quorum
749 1616 838 1692 longe
863 1617 1000 1693 princeps
1017 1615 1087 1675 De·

85 1699 298 1760 mosthenes
320 1717 355 1759 ac
374 1718 468 1778 paene
484 1701 533 1759 lex
549 1699 648 1760 orandi
665 1699 731 1765 luit:
757 1708 834 1759 tanta
849 1699 895 1757 vis
911 1700 939 1758 in
956 1716 1007 1774 eo,
1032 1708 1089 1758 tam

85 1783 175 1843 deusa
196 1785 304 1858 omnia,
329 1785 367 1842 ita
390 1784 558 1861 quibusdam
585 1783 682 1841 nervis
705 1784 812 1842 intenta
837 1790 919 1856 sunt,
940 1790 996 1841 tam
1019 1782 1087 1841 nihil

86 1867 221 1944 otiosum,
237 1869 261 1925 is
279 1867 394 1927 dicendi
409 1867 525 1941 modus,
544 1876 575 1926 ut
589 1882 644 1924 nec
661 1865 738 1943 qnod
754 1867 828 1926 desit
843 1866 871 1922 in
888 1881 924 1923 eo
940 1882 995 1923 neo
1011 1865 1088 1941 quod
1115 1901 1121 1908 ·

85 1949 227 2011 redundet
249 1951 387 2010 invenias.
425 1950 542 2010 Plenior
562 1948 773 2010 Aeschines
793 1957 824 2014 et
845 1948 935 2023 magis
958 1945 1040 2006 fusus
1061 1953 1130 2009 etii

1 2057 2 2067 ¹
85 2032 231 2109 grandiori
247 2034 368 2109 similis,
390 2051 447 2111 quo
463 2036 553 2093 miuus
571 2033 688 2093 strictus
707 2040 766 2097 est;
791 2031 884 2092 earnis
905 2038 1000 2089 tamen
1023 2031 1088 2110 plus

85 2115 184 2193 habet,
200 2116 290 2176 minus
307 2117 490 2177 lacertorum.
528 2116 630 2176 Dulcis
649 2114 676 2174 in
692 2117 790 2192 primis
805 2124 834 2174 et
849 2122 950 2174 acu-tus
964 2112 1088 2191 llype·

85 2199 204 2273 rides,
226 2200 279 2259 sed
296 2201 452 2260 minoribus
468 2203 579 2276 causis,
601 2207 631 2258 ut
655 2214 712 2258 non
728 2198 848 2257 dixerim
863 2197 977 2270 utilior,
998 2199 1104 2272 magis.

85 2301 149 2360 par.
189 2281 239 2344 llis
263 2292 356 2343 aetate
376 2283 505 2358 Lysias
531 2285 637 2357 maior,
670 2281 782 2340 subtilis
805 2291 891 2358 atque
918 2280 1038 2357 elegans
1061 2285 1132 2340 etiss

86 2381 145 2443 quo
172 2365 258 2441 nihil,
284 2369 309 2426 si
330 2369 438 2426 oratori
464 2369 533 2431 satis
558 2377 602 2427 est
624 2365 750 2440 docere,
778 2382 901 2443 quaeras
918 2362 987 2442 perf
1006 2364 1087 2422 otius.

84 2447 164 2507 Nthd
181 2449 254 2507 enirn
270 2459 315 2508 est
330 2451 423 2525 inane,
440 2450 510 2510 nihil
526 2449 709 2516 arcessitum
726 2466 799 2526 puro
812 2456 908 2507 tamen
918 2381 1090 2524 lontieqfflm

85 2548 190 2607 magno
203 2531 308 2592 flumini
321 2536 449 2612 propior.
475 2533 667 2593 leocrates
683 2532 839 2591 indiverso
854 2549 964 2607 genere
977 2528 1132 2620 dioeqdiw

1 2629 3 2634 ·
85 2610 192 2674 nitidus
209 2623 238 2674 et
256 2627 387 2694 comptus
404 2625 433 2676 et
449 2617 613 2695 palaestrae
635 2632 719 2692 quam
736 2632 851 2691 pugnae
866 2615 959 2688 magis
975 2629 1089 2671 accom-

85 2697 336 2776 modatusomnes
352 2700 466 2760 dicendi
481 2700 613 2760 Veneres
631 2706 759 2757 sectatus
776 2707 837 2772 est,
863 2714 919 2755 nec
934 2694 1089 2762 immerito;

87 2780 236 2840 auditoriis
254 2785 328 2842 enim
351 2803 383 2843 se
398 2801 456 2842 non
470 2783 583 2844 indiciis
602 2790 799 2858 compararat;
824 2781 851 2838 in
868 2779 1033 2838 inventione
1049 2778 1090 2837 ia·

87 2863 172 2941 cilis,
195 2864 309 2924 honesti
331 2865 495 2942 studiosus,
519 2868 547 2924 in
572 2865 783 2942 compositione
804 2865 877 2924 adeo
900 2861 1039 2938 diligens,
1060 2870 1091 2919 nt

87 2964 158 3005 cura
174 2949 236 3006 eius
252 2949 490 3026 reprehendatur.
518 2947 622 3026 Neque
635 2965 691 3025 ego
703 2949 732 3006 in
742 2947 797 3022 his,
814 2947 850 3006 de
865 2945 966 3026 quibus
979 2946 1133 3005 loeutusso

1 3053 2 3078 r
86 3046 160 3104 sum,
176 3031 229 3092 has
244 3031 324 3091 solas
339 3035 460 3096 virtutes
475 3033 527 3104 sed
543 3033 594 3093 has
611 3033 784 3112 praecipuas
801 3039 888 3109 puto,
904 3047 960 3088 nec
976 3037 1108 3088 eeteros.

85 3129 187 3189 parum
202 3113 293 3175 luisse
308 3133 438 3192 magnos.
470 3114 545 3189 Quin
562 3117 646 3176 etiarn
661 3113 846 3175 Phalerea
861 3114 940 3172 illum
960 3111 1091 3172 Deme·

84 3195 210 3274 trium,
235 3205 396 3276 quanquam
417 3199 441 3258 is
459 3200 566 3275 primus
590 3198 745 3259 inclinasse
767 3197 962 3275 eloquentiam
978 3194 1091 3268 dicitur,

85 3277 206 3339 multum
220 3280 327 3358 ingenii
341 3281 479 3342 habuisse
496 3291 524 3341 et
538 3281 690 3341 facundiae
708 3281 821 3355 fateor,
843 3279 891 3339 vel
907 3278 944 3337 ob
959 3278 1016 3337 hoc
1032 3293 1091 3334 me·

0 3375 1 3446 l
85 3362 180 3422 moria
195 3362 322 3443 dignum,
339 3365 417 3443 quod
432 3364 546 3428 ultimus
562 3374 608 3425 est
623 3365 686 3425 iere
702 3382 740 3424 ex
756 3361 875 3439 Atticis,
893 3361 940 3439 qui
953 3359 1009 3420 dici
1025 3373 1093 3437 pos·
