2436 3956
158 160 218 224 104
484 174 521 220 ιι.
533 123 612 220 nnn.
629 173 849 232 Qurnmnmnr

113 339 267 404 tumores,
284 326 461 408 Polyclitum
477 345 546 390 essa
563 325 716 390 dicebant.
750 325 834 400 Quod
856 326 972 404 quidem
986 343 1045 389 non
1060 329 1089 387 in
1106 328 1164 390 hoc

158 420 264 472 tantum
282 411 369 472 volet.
410 409 587 485 Quibusdam
608 412 700 485 enim,
724 409 788 470 dum
810 410 887 471 aliud
908 428 1000 487 agere
1020 411 1187 490 videndun:

157 494 234 555 aliud
252 494 408 564 aldeimum
432 495 507 557 sicut
525 493 572 554 hic
588 491 693 554 Cicero
712 493 917 572 consequitur,
934 513 989 568 ne,
1008 512 1074 554 cum
1088 513 1164 557 mor·

156 577 222 638 hum
241 580 269 638 in
284 579 374 656 signis
392 587 479 657 atque
492 577 597 638 tabulis
608 576 725 637 obiiciat
735 575 832 652 Verri,
852 578 915 654 ipse
931 594 1051 656 quoque
1065 597 1165 640 earum

155 680 250 722 rerum
268 663 414 724 studiosus
430 680 497 723 esse
509 657 659 722 credatur.
688 659 724 720 Ει
741 659 954 721 Demosthenes
971 663 1095 723 iurando
1112 682 1167 742 per

155 745 327 806 interiectos
344 746 373 807 in
387 745 556 808 Marathone
569 752 598 804 et
608 744 753 804 Salamine
764 745 792 805 id
804 745 874 822 agit,
888 754 920 805 ut
929 747 1042 805 minore
1056 747 1165 808 invidia
1185 800 1190 809 .

113 830 246 894 fiacladis
259 830 334 910 apud
347 828 547 891 Chaeroneam
558 836 699 907 acceptae
710 827 834 888 laboret.
852 826 971 888 Faciunt
979 828 1031 889 illa
1044 847 1165 909 qnoque
1192 866 1193 873 ι

156 914 306 975 iucundam
332 915 507 990 orationem,
531 913 627 991 aliqua
646 913 791 972 mentione
812 910 910 972 hahita
931 911 1049 972 differre
1067 923 1101 973 et
1115 915 1164 974 de-

156 1013 266 1076 ponere
281 998 357 1076 apud
367 997 533 1057 memoriam
544 995 646 1055 indicis
663 1002 692 1055 et
702 1011 874 1073 reposcere,
888 1012 962 1072 quae
974 997 1164 1075 deposueris,

157 1089 186 1140 et
205 1099 344 1160 separare
361 1082 501 1160 quaedam
522 1078 671 1140 schemate
692 1075 805 1157 aliquo,
830 1078 910 1156 (non
933 1082 1007 1140 enim
1031 1089 1078 1140 est
1100 1083 1165 1160 ipsa

156 1182 210 1243 per
225 1182 258 1224 se
273 1165 387 1224 iteratio
414 1163 553 1242 schema)
577 1170 607 1222 et
626 1163 766 1241 excipere
790 1162 885 1241 aliqua
907 1173 937 1224 et
958 1163 1028 1224 dare
1053 1167 1164 1225 actioni

40 1275 46 1280 ·
154 1247 252 1309 varios
267 1247 349 1308 velut
363 1247 470 1308 vultus.
503 1246 614 1308 Gaudet
626 1246 700 1306 enim
713 1263 762 1306 res
775 1248 933 1316 varietate3
951 1257 980 1307 et
992 1249 1068 1308 sicut
1085 1249 1164 1309 oonli

155 1331 334 1392 diversorum
349 1340 470 1411 aspectu
486 1347 582 1391 rerum
595 1329 688 1406 magis
704 1330 883 1390 detinentur:
908 1333 947 1392 ita
969 1349 1089 1410 semper
1104 1334 1162 1392 ani-

155 1415 207 1474 mis
223 1411 361 1493 praestat,
376 1418 404 1475 in
422 1414 499 1492 quod
514 1433 548 1474 se
564 1412 646 1474 velut
659 1428 765 1472 norum
779 1413 934 1474 intendant.

112 1507 148 1563 64
240 1497 293 1558 Est
307 1498 491 1576 emphasis
507 1500 591 1558 etiam
607 1496 681 1556 inter
695 1497 818 1574 figuras,
835 1514 899 1557 cum
914 1517 952 1559 ex
968 1499 1065 1578 aliquo
1083 1499 1164 1560 dicto

156 1580 248 1641 latens
264 1581 371 1660 aliquid
388 1581 512 1641 eruitur:
536 1589 566 1640 nt
584 1579 659 1658 apud
675 1579 836 1658 Vergilium
1191 1603 1192 1606 ¹

239 1662 307 1725 Non
320 1665 407 1726 licuit
421 1664 548 1726 thalami
562 1671 718 1742 expertem
737 1666 804 1729 aitte
823 1665 949 1728 crimine
968 1667 1066 1728 citam

238 1747 359 1826 Depone
374 1766 459 1811 more
471 1750 582 1828 serae?
600 1781 636 1792 —

156 1831 322 1910 Quanquam
344 1834 419 1892 enim
440 1832 477 1892 do
497 1831 676 1892 matrimonio
699 1832 846 1910 quaeritur
866 1830 959 1892 Dido:
985 1841 1081 1893 tamen
1105 1834 1162 1895 hnc

156 1917 278 1995 erumpit
293 1917 355 1976 eius
371 1917 504 1992 affectus,
516 1925 547 1976 ut
561 1917 623 1976 sine
638 1914 770 1976 thalamis
781 1916 867 1975 vitam
882 1931 939 1974 non
951 1914 1098 1978 hominum
1110 1936 1161 1997 pn·

155 2009 198 2060 tet
221 1998 274 2060 sed
302 2000 437 2061 serarum.
482 1999 569 2060 Aliud
590 1998 666 2077 apud
688 1996 819 2058 Ovidium
839 2012 949 2075 genus,
976 2001 1054 2079 apud
1074 2019 1161 2080 quem

156 2082 279 2159 Zmyrna
292 2085 395 2144 nutrici
411 2101 536 2145 amorem
552 2083 642 2161 patris
658 2083 702 2143 sic
718 2081 891 2142 confltetur:
954 2140 962 2159 x

327 2201 365 2214 -
385 2165 421 2245 0,
437 2169 532 2243 dicit,
546 2166 668 2246 sclicem
685 2167 812 2246 coniopo
826 2167 974 2228 matrem!

111 2255 147 2311 65
237 2251 311 2312 lluic
325 2251 375 2312 rel
392 2251 513 2312 confinis
527 2249 576 2310 vel
596 2249 697 2310 eadem
712 2257 774 2325 εει,
791 2266 847 2328 qua
862 2267 936 2309 nunc
949 2251 1054 2308 utimur
1069 2250 1160 2328 pluri-

154 2352 238 2394 mum.
276 2334 335 2394 lam
358 2337 432 2395 enim
455 2334 490 2395 ad
505 2333 534 2395 id
548 2353 656 2413 genus,
679 2333 755 2413 quod
775 2333 1095 2410 et-lrequentissimum
1114 2344 1161 2394 est

156 2428 185 2480 et
201 2419 352 2497 expectari
373 2419 496 2480 maxime
512 2419 613 2493 credo,
629 2416 799 2478 veniendum
814 2425 869 2494 est,
885 2419 986 2495 inquo
1003 2435 1058 2496 per
1070 2435 1160 2496 quan·
1212 2457 1214 2474 t

155 2501 220 2562 dam
245 2502 509 2580 suspicionem,
542 2502 620 2581 quod
638 2501 702 2580 [non
723 2499 857 2576 dicimus,
888 2501 983 2580 accipi
1012 2500 1160 2576 volumus,

119 2657 124 2662 Ι
154 2602 212 2646 non
227 2586 326 2663 utique
352 2585 541 2660 contrarium,
563 2592 594 2643 ut
614 2585 643 2643 in
660 2584 805 2667 εἰρωνείᾳ,
827 2585 880 2643 sed
902 2582 980 2644 alind
1006 2583 1102 2645 lateus
1131 2594 1162 2644 ει

154 2669 277 2729 auditori
301 2671 382 2748 quasi
405 2668 614 2729 inveniendum.
653 2667 755 2744 Quod,
777 2676 807 2726 ut
831 2685 918 2746 snpra
943 2668 1077 2746 ostendi,
1104 2669 1161 2729 iam

155 2751 218 2813 iere
236 2751 329 2813 solum
345 2753 489 2814 schema
505 2771 521 2812 a
535 2753 642 2811 nostris
657 2760 789 2828 vocetur,
805 2761 834 2811 et
846 2752 921 2812 unde
937 2753 1162 2814 controversias

112 2835 341 2912 ddiiguratae
364 2838 505 2898 dicuntur.
543 2835 613 2895 Eius
628 2835 736 2913 triplex
753 2853 821 2894 ιιειιε
836 2844 895 2895 est:
919 2853 993 2896 unus
1018 2837 1043 2896 si
1059 2836 1161 2897 dicere

156 2919 251 2996 palam
266 2936 365 2998 parum
385 2929 475 2980 tutum
495 2929 558 2994 est,
582 2918 656 2979 alter
673 2920 697 2978 si
714 2935 773 2978 non
787 2919 889 2993 decet,
906 2920 1027 2995 tertius,
1044 2921 1094 2998 qui
1109 2937 1160 2980 re·

155 3005 276 3062 nustatis
297 3003 383 3064 modo
398 3005 491 3080 gratia
513 3002 665 3064 adhibetur
685 3003 797 3081 etipsa
817 3003 945 3063 novitate
965 3019 1001 3062 ac
1015 3005 1161 3064 varietate

156 3086 258 3164 magis,
275 3102 359 3165 quam
375 3088 399 3146 si
415 3085 518 3146 relatio
533 3088 570 3147 sit
583 3095 675 3162 recta,
692 3086 829 3147 delectat.

113 3176 149 3234 67
239 3167 285 3230 Ex
301 3169 357 3246 his,
374 3171 451 3248 quod
466 3179 511 3230 est
525 3171 657 3248 primum,
677 3169 815 3248 frequens
830 3171 858 3230 in
870 3168 981 3230 scholis
998 3178 1053 3230 est.
1085 3167 1160 3228 Nam

157 3263 186 3313 et
202 3256 354 3332 pactiones
371 3255 574 3332 deponentium
591 3254 741 3332 imperium
765 3261 950 3329 tyrannorum
965 3262 995 3314 et
1012 3261 1081 3334 post
1097 3250 1160 3311 bel·

156 3337 213 3398 lum
236 3338 322 3398 civile
343 3346 460 3398 senatus
490 3337 623 3398 consulta
655 3337 799 3414 finguntur
820 3345 849 3396 et
877 3337 1002 3417 capitale
1028 3335 1163 3396 obiicere

154 3429 304 3493 anteacta;
320 3430 361 3500 ut,
380 3420 457 3501 quod
472 3423 500 3482 in
516 3421 581 3482 loro
598 3437 655 3481 non
670 3419 800 3499 expedit,
823 3419 884 3482 illic
898 3438 954 3481 neo
968 3420 1065 3481 liceat
1099 3415 1161 3480 Sed
