<?xml version="1.0" encoding="UTF-8"?>
<!DOCTYPE html PUBLIC "-//W3C//DTD XHTML 1.0 Transitional//EN"
    "http://www.w3.org/TR/xhtml1/DTD/xhtml1-transitional.dtd">
<html xmlns="http://www.w3.org/1999/xhtml" xml:lang="en" lang="en">
 <head>
  <title>
</title>
<meta http-equiv="Content-Type" content="text/html;charset=utf-8" />
  <meta name='ocr-system' content='tesseract 3.04.00' />
  <meta name='ocr-capabilities' content='ocr_page ocr_carea ocr_par ocr_line ocrx_word'/>
</head>
<body>
  <div class='ocr_page' id='page_1' title='image "./mfabiiquintilia04quingoog_0343.png"; bbox 0 0 2436 3956; ppageno 0'>
   <div class='ocr_carea' id='block_1_1' title="bbox 487 208 848 268">
    <p class='ocr_par' dir='ltr' id='par_1_1' title="bbox 487 208 848 268">
     <span class='ocr_line' id='line_1_1' title="bbox 487 208 848 268; baseline -0.006 -12"><span class='ocrx_word' id='word_1_1' title='bbox 487 210 524 256; x_wconf 85' lang='lat' dir='ltr'><strong><em>u.</em></strong></span> <span class='ocrx_word' id='word_1_2' title='bbox 536 208 615 256; x_wconf 76' lang='lat' dir='ltr'><strong><em>nan.</em></strong></span> <span class='ocrx_word' id='word_1_3' title='bbox 628 208 848 268; x_wconf 68' lang='lat' dir='ltr'><strong><em>antummum</em></strong></span> 
     </span>
    </p>
   </div>
   <div class='ocr_carea' id='block_1_2' title="bbox 42 359 1204 3527">
    <p class='ocr_par' dir='ltr' id='par_1_2' title="bbox 121 359 1204 775">
     <span class='ocr_line' id='line_1_2' title="bbox 317 359 1000 441; baseline 0.001 -20"><span class='ocrx_word' id='word_1_4' title='bbox 317 359 358 424; x_wconf 84' lang='lat' dir='ltr'><strong><em>Et</em></strong></span> <span class='ocrx_word' id='word_1_5' title='bbox 370 363 467 424; x_wconf 81' lang='lat' dir='ltr'><strong><em>aerim</em></strong></span> <span class='ocrx_word' id='word_1_6' title='bbox 481 363 600 441; x_wconf 75' lang='lat' dir='ltr'><strong><em>antiqui</em></strong></span> <span class='ocrx_word' id='word_1_7' title='bbox 614 364 738 425; x_wconf 86' lang='lat' dir='ltr'><strong><em>multum</em></strong></span> <span class='ocrx_word' id='word_1_8' title='bbox 749 363 851 441; x_wconf 77' lang='lat' dir='ltr'><strong><em>furate</em></strong></span> <span class='ocrx_word' id='word_1_9' title='bbox 867 359 1000 438; x_wconf 83' lang='lat' dir='ltr'><strong><em>Catonis,</em></strong></span> 
     </span>
     <span class='ocr_line' id='line_1_3' title="bbox 370 444 1028 526; baseline -0.002 -20"><span class='ocrx_word' id='word_1_10' title='bbox 370 444 493 526; x_wconf 77' lang='lat' dir='ltr'><strong><em>Crispe,</em></strong></span> <span class='ocrx_word' id='word_1_11' title='bbox 508 444 708 524; x_wconf 86' lang='lat' dir='ltr'><strong><em>luqurtbiuae</em></strong></span> <span class='ocrx_word' id='word_1_12' title='bbox 723 448 860 508; x_wconf 85' lang='lat' dir='ltr'><strong><em>conditor</em></strong></span> <span class='ocrx_word' id='word_1_13' title='bbox 873 446 1028 507; x_wconf 73' lang='lat' dir='ltr'><strong><em>historiae.</em></strong></span> 
     </span>
     <span class='ocr_line' id='line_1_4' title="bbox 121 528 1165 608; baseline 0 -18"><span class='ocrx_word' id='word_1_14' title='bbox 121 529 274 597; x_wconf 72' lang='lat' dir='ltr'><strong><em>modiana</em></strong></span> <span class='ocrx_word' id='word_1_15' title='bbox 288 548 372 599; x_wconf 67' lang='lat' dir='ltr'><strong><em>auram</em></strong></span> <span class='ocrx_word' id='word_1_16' title='bbox 393 548 458 590; x_wconf 90' lang='lat' dir='ltr'><strong><em>nam</em></strong></span> <span class='ocrx_word' id='word_1_17' title='bbox 474 537 502 598; x_wconf 85' lang='lat' dir='ltr'><strong><em>et</em></strong></span> <span class='ocrx_word' id='word_1_18' title='bbox 517 528 635 588; x_wconf 79' lang='lat' dir='ltr'><strong><em>cuilibet</em></strong></span> <span class='ocrx_word' id='word_1_19' title='bbox 647 529 742 589; x_wconf 82' lang='lat' dir='ltr'><strong><em>facilis</em></strong></span> <span class='ocrx_word' id='word_1_20' title='bbox 758 539 787 589; x_wconf 89' lang='lat' dir='ltr'><strong><em>et</em></strong></span> <span class='ocrx_word' id='word_1_21' title='bbox 801 529 858 590; x_wconf 90' lang='lat' dir='ltr'><strong><em>boc</em></strong></span> <span class='ocrx_word' id='word_1_22' title='bbox 871 530 1012 608; x_wconf 87' lang='lat' dir='ltr'><strong><em>pessima,</em></strong></span> <span class='ocrx_word' id='word_1_23' title='bbox 1030 529 1108 608; x_wconf 85' lang='lat' dir='ltr'><strong><em>quod</em></strong></span> <span class='ocrx_word' id='word_1_24' title='bbox 1122 529 1165 590; x_wconf 91' lang='lat' dir='ltr'><strong><em>rei</em></strong></span> 
     </span>
     <span class='ocr_line' id='line_1_5' title="bbox 164 611 1204 691; baseline 0 -17"><span class='ocrx_word' id='word_1_25' title='bbox 164 613 310 674; x_wconf 85' lang='lat' dir='ltr'><strong><em>studiosus</em></strong></span> <span class='ocrx_word' id='word_1_26' title='bbox 325 631 383 674; x_wconf 90' lang='lat' dir='ltr'><strong><em>non</em></strong></span> <span class='ocrx_word' id='word_1_27' title='bbox 401 613 492 673; x_wconf 87' lang='lat' dir='ltr'><strong><em>verba</em></strong></span> <span class='ocrx_word' id='word_1_28' title='bbox 506 611 593 672; x_wconf 85' lang='lat' dir='ltr'><strong><em>rebus</em></strong></span> <span class='ocrx_word' id='word_1_29' title='bbox 609 612 717 691; x_wconf 89' lang='lat' dir='ltr'><strong><em>aptabit</em></strong></span> <span class='ocrx_word' id='word_1_30' title='bbox 739 613 792 674; x_wconf 91' lang='lat' dir='ltr'><strong><em>sed</em></strong></span> <span class='ocrx_word' id='word_1_31' title='bbox 806 631 854 673; x_wconf 86' lang='lat' dir='ltr'><strong><em>res</em></strong></span> <span class='ocrx_word' id='word_1_32' title='bbox 871 614 1051 672; x_wconf 86' lang='lat' dir='ltr'><strong><em>extrinsecus</em></strong></span> <span class='ocrx_word' id='word_1_33' title='bbox 1068 632 1164 674; x_wconf 87' lang='lat' dir='ltr'><strong><em>arces·</em></strong></span> <span class='ocrx_word' id='word_1_34' title='bbox 1202 619 1204 686; x_wconf 82' lang='lat' dir='ltr'><strong><em>l</em></strong></span> 
     </span>
     <span class='ocr_line' id='line_1_6' title="bbox 163 695 744 775; baseline -0.003 -19"><span class='ocrx_word' id='word_1_35' title='bbox 163 707 226 774; x_wconf 78' lang='lat' dir='ltr'><strong><em>set,</em></strong></span> <span class='ocrx_word' id='word_1_36' title='bbox 246 697 348 775; x_wconf 87' lang='lat' dir='ltr'><strong><em>qulbus</em></strong></span> <span class='ocrx_word' id='word_1_37' title='bbox 364 697 437 758; x_wconf 90' lang='lat' dir='ltr'><strong><em>baec</em></strong></span> <span class='ocrx_word' id='word_1_38' title='bbox 452 695 543 756; x_wconf 88' lang='lat' dir='ltr'><strong><em>verba</em></strong></span> <span class='ocrx_word' id='word_1_39' title='bbox 565 699 744 756; x_wconf 86' lang='lat' dir='ltr'><strong><em>conveniant.</em></strong></span> 
     </span>
    </p>

    <p class='ocr_par' dir='ltr' id='par_1_3' title="bbox 163 778 1168 1026">
     <span class='ocr_line' id='line_1_7' title="bbox 247 778 1165 859; baseline 0.001 -19"><span class='ocrx_word' id='word_1_40' title='bbox 247 779 419 859; x_wconf 80' lang='lat' dir='ltr'><strong><em>Fingere,</em></strong></span> <span class='ocrx_word' id='word_1_41' title='bbox 445 789 476 840; x_wconf 87' lang='lat' dir='ltr'><strong><em>ut</em></strong></span> <span class='ocrx_word' id='word_1_42' title='bbox 497 781 590 859; x_wconf 90' lang='lat' dir='ltr'><strong><em>primo</em></strong></span> <span class='ocrx_word' id='word_1_43' title='bbox 611 779 685 838; x_wconf 90' lang='lat' dir='ltr'><strong><em>libro</em></strong></span> <span class='ocrx_word' id='word_1_44' title='bbox 701 778 775 855; x_wconf 84' lang='lat' dir='ltr'><strong><em>dixi,</em></strong></span> <span class='ocrx_word' id='word_1_45' title='bbox 799 778 918 840; x_wconf 79' lang='lat' dir='ltr'><strong><em>Graecis</em></strong></span> <span class='ocrx_word' id='word_1_46' title='bbox 934 780 1165 857; x_wconf 77' lang='lat' dir='ltr'><strong><em>magisaonees·</em></strong></span> 
     </span>
     <span class='ocr_line' id='line_1_8' title="bbox 163 863 1166 944; baseline 0 -21"><span class='ocrx_word' id='word_1_47' title='bbox 163 883 226 924; x_wconf 85' lang='lat' dir='ltr'><strong><em>sum</em></strong></span> <span class='ocrx_word' id='word_1_48' title='bbox 242 873 302 941; x_wconf 87' lang='lat' dir='ltr'><strong><em>est,</em></strong></span> <span class='ocrx_word' id='word_1_49' title='bbox 324 866 372 944; x_wconf 88' lang='lat' dir='ltr'><strong><em>qui</em></strong></span> <span class='ocrx_word' id='word_1_50' title='bbox 388 865 467 924; x_wconf 84' lang='lat' dir='ltr'><strong><em>sonis</em></strong></span> <span class='ocrx_word' id='word_1_51' title='bbox 486 864 570 923; x_wconf 89' lang='lat' dir='ltr'><strong><em>etiam</em></strong></span> <span class='ocrx_word' id='word_1_52' title='bbox 587 863 753 939; x_wconf 87' lang='lat' dir='ltr'><strong><em>quibusdam</em></strong></span> <span class='ocrx_word' id='word_1_53' title='bbox 770 873 798 923; x_wconf 91' lang='lat' dir='ltr'><strong><em>et</em></strong></span> <span class='ocrx_word' id='word_1_54' title='bbox 816 863 966 924; x_wconf 81' lang='lat' dir='ltr'><strong><em>affectibus</em></strong></span> <span class='ocrx_word' id='word_1_55' title='bbox 982 881 1040 922; x_wconf 88' lang='lat' dir='ltr'><strong><em>non</em></strong></span> <span class='ocrx_word' id='word_1_56' title='bbox 1056 863 1166 924; x_wconf 86' lang='lat' dir='ltr'><strong><em>dubita·</em></strong></span> 
     </span>
     <span class='ocr_line' id='line_1_9' title="bbox 163 946 1168 1026; baseline 0 -20"><span class='ocrx_word' id='word_1_57' title='bbox 163 957 267 1007; x_wconf 85' lang='lat' dir='ltr'><strong><em>verunt</em></strong></span> <span class='ocrx_word' id='word_1_58' title='bbox 281 950 394 1007; x_wconf 89' lang='lat' dir='ltr'><strong><em>nomina</em></strong></span> <span class='ocrx_word' id='word_1_59' title='bbox 410 956 526 1024; x_wconf 90' lang='lat' dir='ltr'><strong><em>aptare,</em></strong></span> <span class='ocrx_word' id='word_1_60' title='bbox 547 963 605 1004; x_wconf 91' lang='lat' dir='ltr'><strong><em>non</em></strong></span> <span class='ocrx_word' id='word_1_61' title='bbox 620 946 675 1006; x_wconf 88' lang='lat' dir='ltr'><strong><em>alla</em></strong></span> <span class='ocrx_word' id='word_1_62' title='bbox 691 946 824 1007; x_wconf 90' lang='lat' dir='ltr'><strong><em>libertate</em></strong></span> <span class='ocrx_word' id='word_1_63' title='bbox 844 963 928 1026; x_wconf 89' lang='lat' dir='ltr'><strong><em>quam</em></strong></span> <span class='ocrx_word' id='word_1_64' title='bbox 947 965 1003 1025; x_wconf 90' lang='lat' dir='ltr'><strong><em>qua</em></strong></span> <span class='ocrx_word' id='word_1_65' title='bbox 1023 946 1068 1006; x_wconf 91' lang='lat' dir='ltr'><strong><em>illi</em></strong></span> <span class='ocrx_word' id='word_1_66' title='bbox 1084 949 1168 1026; x_wconf 87' lang='lat' dir='ltr'><strong><em>primi</em></strong></span> 
     </span>
    </p>

    <p class='ocr_par' dir='ltr' id='par_1_4' title="bbox 119 1028 1168 1524">
     <span class='ocr_line' id='line_1_10' title="bbox 119 1028 1167 1108; baseline 0 -18"><span class='ocrx_word' id='word_1_67' title='bbox 119 1042 154 1098; x_wconf 75' lang='lat'><strong><em>31</em></strong></span> <span class='ocrx_word' id='word_1_68' title='bbox 163 1030 293 1090; x_wconf 89' lang='lat' dir='ltr'><strong><em>homiues</em></strong></span> <span class='ocrx_word' id='word_1_69' title='bbox 309 1031 397 1090; x_wconf 89' lang='lat' dir='ltr'><strong><em>rebus</em></strong></span> <span class='ocrx_word' id='word_1_70' title='bbox 414 1029 626 1108; x_wconf 73' lang='lat' dir='ltr'><strong><em>appellationes</em></strong></span> <span class='ocrx_word' id='word_1_71' title='bbox 642 1028 791 1089; x_wconf 89' lang='lat' dir='ltr'><strong><em>dederunt.</em></strong></span> <span class='ocrx_word' id='word_1_72' title='bbox 832 1030 931 1090; x_wconf 80' lang='lat' dir='ltr'><strong><em>Nostri</em></strong></span> <span class='ocrx_word' id='word_1_73' title='bbox 947 1039 1043 1090; x_wconf 88' lang='lat' dir='ltr'><strong><em>autem</em></strong></span> <span class='ocrx_word' id='word_1_74' title='bbox 1063 1032 1093 1088; x_wconf 88' lang='lat' dir='ltr'><strong><em>in</em></strong></span> <span class='ocrx_word' id='word_1_75' title='bbox 1109 1033 1167 1090; x_wconf 89' lang='lat' dir='ltr'><strong><em>iun-</em></strong></span> 
     </span>
     <span class='ocr_line' id='line_1_11' title="bbox 162 1112 1168 1192; baseline 0 -20"><span class='ocrx_word' id='word_1_76' title='bbox 162 1113 260 1190; x_wconf 82' lang='lat' dir='ltr'><strong><em>gendo</em></strong></span> <span class='ocrx_word' id='word_1_77' title='bbox 286 1123 333 1173; x_wconf 91' lang='lat' dir='ltr'><strong><em>aut</em></strong></span> <span class='ocrx_word' id='word_1_78' title='bbox 354 1116 382 1173; x_wconf 90' lang='lat' dir='ltr'><strong><em>in</em></strong></span> <span class='ocrx_word' id='word_1_79' title='bbox 404 1113 560 1174; x_wconf 82' lang='lat' dir='ltr'><strong><em>derivando</em></strong></span> <span class='ocrx_word' id='word_1_80' title='bbox 577 1113 692 1190; x_wconf 91' lang='lat' dir='ltr'><strong><em>paulum</em></strong></span> <span class='ocrx_word' id='word_1_81' title='bbox 709 1112 816 1192; x_wconf 88' lang='lat' dir='ltr'><strong><em>aliquid</em></strong></span> <span class='ocrx_word' id='word_1_82' title='bbox 832 1115 894 1174; x_wconf 86' lang='lat' dir='ltr'><strong><em>ausi</em></strong></span> <span class='ocrx_word' id='word_1_83' title='bbox 909 1115 957 1172; x_wconf 86' lang='lat' dir='ltr'><strong><em>vix</em></strong></span> <span class='ocrx_word' id='word_1_84' title='bbox 972 1115 1000 1173; x_wconf 92' lang='lat' dir='ltr'><strong><em>in</em></strong></span> <span class='ocrx_word' id='word_1_85' title='bbox 1015 1113 1075 1174; x_wconf 88' lang='lat' dir='ltr'><strong><em>boe</em></strong></span> <span class='ocrx_word' id='word_1_86' title='bbox 1099 1115 1168 1174; x_wconf 87' lang='lat' dir='ltr'><strong><em>satia</em></strong></span> 
     </span>
     <span class='ocr_line' id='line_1_12' title="bbox 162 1196 1167 1276; baseline 0 -20"><span class='ocrx_word' id='word_1_87' title='bbox 162 1199 348 1274; x_wconf 86' lang='lat' dir='ltr'><strong><em>recipiuntur.</em></strong></span> <span class='ocrx_word' id='word_1_88' title='bbox 381 1196 453 1258; x_wconf 89' lang='lat' dir='ltr'><strong><em>Nam</em></strong></span> <span class='ocrx_word' id='word_1_89' title='bbox 468 1198 581 1256; x_wconf 89' lang='lat' dir='ltr'><strong><em>memini</em></strong></span> <span class='ocrx_word' id='word_1_90' title='bbox 594 1198 705 1256; x_wconf 87' lang='lat' dir='ltr'><strong><em>iuvenis</em></strong></span> <span class='ocrx_word' id='word_1_91' title='bbox 726 1197 877 1257; x_wconf 80' lang='lat' dir='ltr'><strong><em>admodum</em></strong></span> <span class='ocrx_word' id='word_1_92' title='bbox 891 1199 965 1257; x_wconf 88' lang='lat' dir='ltr'><strong><em>inter</em></strong></span> <span class='ocrx_word' id='word_1_93' title='bbox 977 1197 1167 1276; x_wconf 86' lang='lat' dir='ltr'><strong><em>Pomponium</em></strong></span> 
     </span>
     <span class='ocr_line' id='line_1_13' title="bbox 161 1279 1167 1360; baseline 0.003 -20"><span class='ocrx_word' id='word_1_94' title='bbox 161 1299 198 1341; x_wconf 91' lang='lat' dir='ltr'><strong><em>ae</em></strong></span> <span class='ocrx_word' id='word_1_95' title='bbox 213 1282 355 1342; x_wconf 82' lang='lat' dir='ltr'><strong><em>Senecam</em></strong></span> <span class='ocrx_word' id='word_1_96' title='bbox 372 1283 457 1341; x_wconf 88' lang='lat' dir='ltr'><strong><em>etiarn</em></strong></span> <span class='ocrx_word' id='word_1_97' title='bbox 471 1279 698 1359; x_wconf 86' lang='lat' dir='ltr'><strong><em>praelationibus</em></strong></span> <span class='ocrx_word' id='word_1_98' title='bbox 717 1298 783 1340; x_wconf 88' lang='lat' dir='ltr'><strong><em>esse</em></strong></span> <span class='ocrx_word' id='word_1_99' title='bbox 800 1289 965 1356; x_wconf 87' lang='lat' dir='ltr'><strong><em>tractatum,</em></strong></span> <span class='ocrx_word' id='word_1_100' title='bbox 988 1299 1024 1340; x_wconf 87' lang='lat' dir='ltr'><strong><em>aa</em></strong></span> <span class='ocrx_word' id='word_1_101' title='bbox 1044 1283 1167 1360; x_wconf 83' lang='lat' dir='ltr'><strong><em>qradus</em></strong></span> 
     </span>
     <span class='ocr_line' id='line_1_14' title="bbox 161 1364 1166 1444; baseline -0.002 -18"><span class='ocrx_word' id='word_1_102' title='bbox 161 1364 299 1426; x_wconf 85' lang='lat' dir='ltr'><strong><em>eliminat</em></strong></span> <span class='ocrx_word' id='word_1_103' title='bbox 314 1365 343 1422; x_wconf 91' lang='lat' dir='ltr'><strong><em>in</em></strong></span> <span class='ocrx_word' id='word_1_104' title='bbox 363 1365 514 1441; x_wconf 82' lang='lat' dir='ltr'><strong><em>tragoedia</em></strong></span> <span class='ocrx_word' id='word_1_105' title='bbox 529 1364 585 1423; x_wconf 88' lang='lat' dir='ltr'><strong><em>diei</em></strong></span> <span class='ocrx_word' id='word_1_106' title='bbox 604 1366 804 1443; x_wconf 64' lang='lat' dir='ltr'><strong><em>oportuisset.¹</em></strong></span> <span class='ocrx_word' id='word_1_107' title='bbox 836 1364 874 1423; x_wconf 89' lang='lat' dir='ltr'><strong><em>At</em></strong></span> <span class='ocrx_word' id='word_1_108' title='bbox 888 1373 1005 1422; x_wconf 88' lang='lat' dir='ltr'><strong><em>veteres</em></strong></span> <span class='ocrx_word' id='word_1_109' title='bbox 1020 1381 1059 1422; x_wconf 90' lang='lat' dir='ltr'><strong><em>ne</em></strong></span> <span class='ocrx_word' id='word_1_110' title='bbox 1078 1383 1166 1444; x_wconf 78' lang='lat' dir='ltr'><strong><em>eape</em></strong></span> 
     </span>
     <span class='ocr_line' id='line_1_15' title="bbox 160 1447 1166 1524; baseline -0.001 -15"><span class='ocrx_word' id='word_1_111' title='bbox 160 1454 262 1509; x_wconf 87' lang='lat' dir='ltr'><strong><em>etorat</em></strong></span> <span class='ocrx_word' id='word_1_112' title='bbox 279 1447 393 1524; x_wconf 89' lang='lat' dir='ltr'><strong><em>quidem</em></strong></span> <span class='ocrx_word' id='word_1_113' title='bbox 413 1449 579 1515; x_wconf 87' lang='lat' dir='ltr'><strong><em>timuerunt;</em></strong></span> <span class='ocrx_word' id='word_1_114' title='bbox 601 1455 630 1505; x_wconf 91' lang='lat' dir='ltr'><strong><em>et</em></strong></span> <span class='ocrx_word' id='word_1_115' title='bbox 650 1464 719 1506; x_wconf 87' lang='lat' dir='ltr'><strong><em>sane</em></strong></span> <span class='ocrx_word' id='word_1_116' title='bbox 741 1447 869 1508; x_wconf 85' lang='lat' dir='ltr'><strong><em>eiusdem</em></strong></span> <span class='ocrx_word' id='word_1_117' title='bbox 883 1457 969 1508; x_wconf 91' lang='lat' dir='ltr'><strong><em>uotae</em></strong></span> <span class='ocrx_word' id='word_1_118' title='bbox 993 1456 1038 1507; x_wconf 91' lang='lat' dir='ltr'><strong><em>est</em></strong></span> <span class='ocrx_word' id='word_1_119' title='bbox 1061 1449 1166 1511; x_wconf 78' lang='lat' dir='ltr'><strong><em>enard-</em></strong></span> 
     </span>
    </p>

    <p class='ocr_par' dir='ltr' id='par_1_5' title="bbox 117 1529 1204 1942">
     <span class='ocr_line' id='line_1_16' title="bbox 117 1529 1168 1610; baseline -0.001 -19"><span class='ocrx_word' id='word_1_120' title='bbox 117 1538 234 1596; x_wconf 64' lang='lat' dir='ltr'><strong><em>utmat.</em></strong></span> <span class='ocrx_word' id='word_1_121' title='bbox 275 1529 314 1588; x_wconf 88' lang='lat' dir='ltr'><strong><em>At</em></strong></span> <span class='ocrx_word' id='word_1_122' title='bbox 335 1531 363 1588; x_wconf 90' lang='lat' dir='ltr'><strong><em>in</em></strong></span> <span class='ocrx_word' id='word_1_123' title='bbox 386 1537 479 1589; x_wconf 90' lang='lat' dir='ltr'><strong><em>traatu</em></strong></span> <span class='ocrx_word' id='word_1_124' title='bbox 502 1538 531 1588; x_wconf 91' lang='lat' dir='ltr'><strong><em>ct</em></strong></span> <span class='ocrx_word' id='word_1_125' title='bbox 550 1529 744 1589; x_wconf 83' lang='lat' dir='ltr'><strong><em>declinatione</em></strong></span> <span class='ocrx_word' id='word_1_126' title='bbox 768 1531 835 1590; x_wconf 88' lang='lat' dir='ltr'><strong><em>talia</em></strong></span> <span class='ocrx_word' id='word_1_127' title='bbox 857 1539 936 1606; x_wconf 85' lang='lat' dir='ltr'><strong><em>sunt,</em></strong></span> <span class='ocrx_word' id='word_1_128' title='bbox 966 1530 1063 1607; x_wconf 88' lang='lat' dir='ltr'><strong><em>qualia</em></strong></span> <span class='ocrx_word' id='word_1_129' title='bbox 1094 1531 1168 1610; x_wconf 90' lang='lat' dir='ltr'><strong><em>apud</em></strong></span> 
     </span>
     <span class='ocr_line' id='line_1_17' title="bbox 162 1611 1167 1692; baseline 0.001 -20"><span class='ocrx_word' id='word_1_130' title='bbox 162 1611 336 1672; x_wconf 84' lang='lat' dir='ltr'><strong><em>Ciceronem</em></strong></span> <span class='ocrx_word' id='word_1_131' title='bbox 357 1614 488 1674; x_wconf 77' lang='lat' dir='ltr'><strong><em>beatitas</em></strong></span> <span class='ocrx_word' id='word_1_132' title='bbox 506 1621 535 1672; x_wconf 87' lang='lat' dir='ltr'><strong><em>et</em></strong></span> <span class='ocrx_word' id='word_1_133' title='bbox 557 1614 731 1682; x_wconf 89' lang='lat' dir='ltr'><strong><em>beatitudo,·</em></strong></span> <span class='ocrx_word' id='word_1_134' title='bbox 754 1632 828 1692; x_wconf 88' lang='lat' dir='ltr'><strong><em>quae</em></strong></span> <span class='ocrx_word' id='word_1_135' title='bbox 850 1614 919 1673; x_wconf 89' lang='lat' dir='ltr'><strong><em>dura</em></strong></span> <span class='ocrx_word' id='word_1_136' title='bbox 943 1613 1059 1692; x_wconf 89' lang='lat' dir='ltr'><strong><em>quidem</em></strong></span> <span class='ocrx_word' id='word_1_137' title='bbox 1083 1615 1167 1679; x_wconf 84' lang='lat' dir='ltr'><strong><em>sentit</em></strong></span> 
     </span>
     <span class='ocr_line' id='line_1_18' title="bbox 162 1696 1204 1775; baseline 0.002 -21"><span class='ocrx_word' id='word_1_138' title='bbox 162 1713 230 1754; x_wconf 88' lang='lat' dir='ltr'><strong><em>esse</em></strong></span> <span class='ocrx_word' id='word_1_139' title='bbox 252 1704 447 1756; x_wconf 86' lang='lat' dir='ltr'><strong><em>verumtamen</em></strong></span> <span class='ocrx_word' id='word_1_140' title='bbox 470 1714 524 1755; x_wconf 92' lang='lat' dir='ltr'><strong><em>usu</em></strong></span> <span class='ocrx_word' id='word_1_141' title='bbox 551 1705 632 1775; x_wconf 86' lang='lat' dir='ltr'><strong><em>putat</em></strong></span> <span class='ocrx_word' id='word_1_142' title='bbox 657 1713 747 1775; x_wconf 90' lang='lat' dir='ltr'><strong><em>posse</em></strong></span> <span class='ocrx_word' id='word_1_143' title='bbox 768 1697 882 1758; x_wconf 91' lang='lat' dir='ltr'><strong><em>molliri.</em></strong></span> <span class='ocrx_word' id='word_1_144' title='bbox 935 1696 998 1756; x_wconf 85' lang='lat' dir='ltr'><strong><em>Neo</em></strong></span> <span class='ocrx_word' id='word_1_145' title='bbox 1022 1716 1039 1758; x_wconf 90' lang='lat' dir='ltr'><strong><em>a</em></strong></span> <span class='ocrx_word' id='word_1_146' title='bbox 1067 1697 1168 1758; x_wconf 85' lang='lat' dir='ltr'><strong><em>verbis</em></strong></span> <span class='ocrx_word' id='word_1_147' title='bbox 1203 1761 1204 1768; x_wconf 9' lang='grc' dir='ltr'>χ</span> 
     </span>
     <span class='ocr_line' id='line_1_19' title="bbox 159 1777 1166 1859; baseline 0.002 -21"><span class='ocrx_word' id='word_1_148' title='bbox 159 1777 247 1838; x_wconf 90' lang='lat' dir='ltr'><strong><em>modo</em></strong></span> <span class='ocrx_word' id='word_1_149' title='bbox 271 1778 323 1838; x_wconf 90' lang='lat' dir='ltr'><strong><em>sed</em></strong></span> <span class='ocrx_word' id='word_1_150' title='bbox 344 1779 537 1840; x_wconf 86' lang='lat' dir='ltr'><strong><em>anominibus</em></strong></span> <span class='ocrx_word' id='word_1_151' title='bbox 554 1797 670 1858; x_wconf 87' lang='lat' dir='ltr'><strong><em>quoque</em></strong></span> <span class='ocrx_word' id='word_1_152' title='bbox 693 1780 821 1839; x_wconf 88' lang='lat' dir='ltr'><strong><em>derivata</em></strong></span> <span class='ocrx_word' id='word_1_153' title='bbox 843 1789 907 1838; x_wconf 91' lang='lat' dir='ltr'><strong><em>sunt</em></strong></span> <span class='ocrx_word' id='word_1_154' title='bbox 924 1781 1090 1859; x_wconf 88' lang='lat' dir='ltr'><strong><em>quaedam,</em></strong></span> <span class='ocrx_word' id='word_1_155' title='bbox 1111 1791 1166 1840; x_wconf 90' lang='lat' dir='ltr'><strong><em>uta</em></strong></span> 
     </span>
     <span class='ocr_line' id='line_1_20' title="bbox 161 1859 1165 1942; baseline 0.005 -20"><span class='ocrx_word' id='word_1_156' title='bbox 161 1859 307 1922; x_wconf 82' lang='lat' dir='ltr'><strong><em>Cicerone</em></strong></span> <span class='ocrx_word' id='word_1_157' title='bbox 324 1863 488 1925; x_wconf 86' lang='lat' dir='ltr'><strong><em>Sallatarit</em></strong></span> <span class='ocrx_word' id='word_1_158' title='bbox 503 1872 532 1923; x_wconf 90' lang='lat' dir='ltr'><strong><em>et</em></strong></span> <span class='ocrx_word' id='word_1_159' title='bbox 550 1863 585 1923; x_wconf 89' lang='lat' dir='ltr'><strong><em>ab</em></strong></span> <span class='ocrx_word' id='word_1_160' title='bbox 601 1864 702 1922; x_wconf 87' lang='lat' dir='ltr'><strong><em>Asinio</em></strong></span> <span class='ocrx_word' id='word_1_161' title='bbox 718 1863 916 1925; x_wconf 83' lang='lat' dir='ltr'><strong><em>Fimbriatum</em></strong></span> <span class='ocrx_word' id='word_1_162' title='bbox 932 1874 961 1924; x_wconf 92' lang='lat' dir='ltr'><strong><em>et</em></strong></span> <span class='ocrx_word' id='word_1_163' title='bbox 980 1863 1165 1942; x_wconf 73' lang='lat' dir='ltr'><strong><em>diputatum.</em></strong></span> 
     </span>
    </p>

    <p class='ocr_par' dir='ltr' id='par_1_6' title="bbox 117 1944 1200 2275">
     <span class='ocr_line' id='line_1_21' title="bbox 117 1944 1200 2029; baseline 0.003 -25"><span class='ocrx_word' id='word_1_164' title='bbox 117 1944 249 2011; x_wconf 80' lang='lat' dir='ltr'><strong><em>33Multa</em></strong></span> <span class='ocrx_word' id='word_1_165' title='bbox 270 1965 307 2004; x_wconf 82' lang='lat' dir='ltr'><strong><em>ex</em></strong></span> <span class='ocrx_word' id='word_1_166' title='bbox 324 1946 436 2006; x_wconf 85' lang='lat' dir='ltr'><strong><em>Graeco</em></strong></span> <span class='ocrx_word' id='word_1_167' title='bbox 461 1947 582 2006; x_wconf 84' lang='lat' dir='ltr'><strong><em>formata</em></strong></span> <span class='ocrx_word' id='word_1_168' title='bbox 602 1963 677 2005; x_wconf 89' lang='lat' dir='ltr'><strong><em>nova</em></strong></span> <span class='ocrx_word' id='word_1_169' title='bbox 696 1964 730 2006; x_wconf 90' lang='lat' dir='ltr'><strong><em>ae</em></strong></span> <span class='ocrx_word' id='word_1_170' title='bbox 750 1946 871 2023; x_wconf 88' lang='lat' dir='ltr'><strong><em>plurima</em></strong></span> <span class='ocrx_word' id='word_1_171' title='bbox 891 1947 1029 2024; x_wconf 86' lang='lat' dir='ltr'><strong><em>aSergio</em></strong></span> <span class='ocrx_word' id='word_1_172' title='bbox 1044 1945 1165 2029; x_wconf 27' lang='lat' dir='ltr'><strong><em>iFlavio,</em></strong></span> <span class='ocrx_word' id='word_1_173' title='bbox 1199 2006 1200 2015; x_wconf 65' lang='grc'>,</span> 
     </span>
     <span class='ocr_line' id='line_1_22' title="bbox 161 2028 1165 2107; baseline 0.008 -21"><span class='ocrx_word' id='word_1_174' title='bbox 161 2045 282 2105; x_wconf 89' lang='lat' dir='ltr'><strong><em>quorum</em></strong></span> <span class='ocrx_word' id='word_1_175' title='bbox 303 2030 375 2089; x_wconf 91' lang='lat' dir='ltr'><strong><em>dura</em></strong></span> <span class='ocrx_word' id='word_1_176' title='bbox 402 2030 542 2107; x_wconf 88' lang='lat' dir='ltr'><strong><em>quaedam</em></strong></span> <span class='ocrx_word' id='word_1_177' title='bbox 559 2028 709 2088; x_wconf 90' lang='lat' dir='ltr'><strong><em>admodum</em></strong></span> <span class='ocrx_word' id='word_1_178' title='bbox 725 2029 875 2105; x_wconf 90' lang='lat' dir='ltr'><strong><em>videntur,</em></strong></span> <span class='ocrx_word' id='word_1_179' title='bbox 898 2040 928 2090; x_wconf 87' lang='lat' dir='ltr'><strong><em>ut</em></strong></span> <span class='ocrx_word' id='word_1_180' title='bbox 949 2051 1003 2092; x_wconf 82' lang='lat' dir='ltr'><strong><em>ems</em></strong></span> <span class='ocrx_word' id='word_1_181' title='bbox 1019 2040 1049 2091; x_wconf 91' lang='lat' dir='ltr'><strong><em>et</em></strong></span> <span class='ocrx_word' id='word_1_182' title='bbox 1064 2049 1165 2094; x_wconf 84' lang='lat' dir='ltr'><strong><em>essen·</em></strong></span> 
     </span>
     <span class='ocr_line' id='line_1_23' title="bbox 159 2113 1167 2194; baseline 0.003 -23"><span class='ocrx_word' id='word_1_183' title='bbox 159 2113 222 2181; x_wconf 85' lang='lat' dir='ltr'><strong><em>tia,·</em></strong></span> <span class='ocrx_word' id='word_1_184' title='bbox 246 2131 320 2190; x_wconf 86' lang='lat' dir='ltr'><strong><em>quae</em></strong></span> <span class='ocrx_word' id='word_1_185' title='bbox 344 2131 396 2172; x_wconf 89' lang='lat' dir='ltr'><strong><em>cur</em></strong></span> <span class='ocrx_word' id='word_1_186' title='bbox 418 2122 570 2191; x_wconf 86' lang='lat' dir='ltr'><strong><em>tantopere</em></strong></span> <span class='ocrx_word' id='word_1_187' title='bbox 591 2130 778 2190; x_wconf 88' lang='lat' dir='ltr'><strong><em>aspernemur</em></strong></span> <span class='ocrx_word' id='word_1_188' title='bbox 799 2113 867 2173; x_wconf 88' lang='lat' dir='ltr'><strong><em>nihil</em></strong></span> <span class='ocrx_word' id='word_1_189' title='bbox 882 2114 986 2190; x_wconf 84' lang='lat' dir='ltr'><strong><em>video,</em></strong></span> <span class='ocrx_word' id='word_1_190' title='bbox 1010 2116 1066 2174; x_wconf 86' lang='lat' dir='ltr'><strong><em>nisi</em></strong></span> <span class='ocrx_word' id='word_1_191' title='bbox 1091 2113 1167 2194; x_wconf 86' lang='lat' dir='ltr'><strong><em>quod</em></strong></span> 
     </span>
     <span class='ocr_line' id='line_1_24' title="bbox 160 2195 1165 2275; baseline 0.003 -22"><span class='ocrx_word' id='word_1_192' title='bbox 160 2197 248 2273; x_wconf 89' lang='lat' dir='ltr'><strong><em>iniqul</em></strong></span> <span class='ocrx_word' id='word_1_193' title='bbox 271 2195 381 2256; x_wconf 85' lang='lat' dir='ltr'><strong><em>iudices</em></strong></span> <span class='ocrx_word' id='word_1_194' title='bbox 405 2195 544 2256; x_wconf 87' lang='lat' dir='ltr'><strong><em>adversus</em></strong></span> <span class='ocrx_word' id='word_1_195' title='bbox 568 2213 621 2255; x_wconf 91' lang='lat' dir='ltr'><strong><em>nos</em></strong></span> <span class='ocrx_word' id='word_1_196' title='bbox 642 2214 738 2255; x_wconf 83' lang='lat' dir='ltr'><strong><em>sumus</em></strong></span> <span class='ocrx_word' id='word_1_197' title='bbox 756 2195 882 2273; x_wconf 89' lang='lat' dir='ltr'><strong><em>ideoque</em></strong></span> <span class='ocrx_word' id='word_1_198' title='bbox 906 2206 1081 2275; x_wconf 88' lang='lat' dir='ltr'><strong><em>paupertate</em></strong></span> <span class='ocrx_word' id='word_1_199' title='bbox 1107 2216 1165 2258; x_wconf 89' lang='lat' dir='ltr'><strong><em>ser·</em></strong></span> 
     </span>
    </p>

    <p class='ocr_par' dir='ltr' id='par_1_7' title="bbox 114 2279 1204 2776">
     <span class='ocr_line' id='line_1_25' title="bbox 114 2279 1165 2361; baseline -0.006 -17"><span class='ocrx_word' id='word_1_200' title='bbox 114 2281 253 2344; x_wconf 55' lang='lat' dir='ltr'><strong><em>&amp;monis</em></strong></span> <span class='ocrx_word' id='word_1_201' title='bbox 269 2279 442 2341; x_wconf 89' lang='lat' dir='ltr'><strong><em>laboramus.</em></strong></span> <span class='ocrx_word' id='word_1_202' title='bbox 485 2279 633 2353; x_wconf 83' lang='lat' dir='ltr'><strong><em>Quaedam</em></strong></span> <span class='ocrx_word' id='word_1_203' title='bbox 647 2288 743 2340; x_wconf 89' lang='lat' dir='ltr'><strong><em>tamen</em></strong></span> <span class='ocrx_word' id='word_1_204' title='bbox 754 2280 919 2359; x_wconf 84' lang='lat' dir='ltr'><strong><em>perdurant.</em></strong></span> <span class='ocrx_word' id='word_1_205' title='bbox 956 2280 1029 2340; x_wconf 89' lang='lat' dir='ltr'><strong><em>Nam</em></strong></span> <span class='ocrx_word' id='word_1_206' title='bbox 1044 2289 1076 2340; x_wconf 84' lang='lat' dir='ltr'><strong><em>et</em></strong></span> <span class='ocrx_word' id='word_1_207' title='bbox 1093 2298 1165 2361; x_wconf 88' lang='lat' dir='ltr'><strong><em>quae</em></strong></span> 
     </span>
     <span class='ocr_line' id='line_1_26' title="bbox 159 2363 1165 2442; baseline 0.001 -21"><span class='ocrx_word' id='word_1_208' title='bbox 159 2371 262 2422; x_wconf 84' lang='lat' dir='ltr'><strong><em>vetera</em></strong></span> <span class='ocrx_word' id='word_1_209' title='bbox 277 2381 351 2422; x_wconf 90' lang='lat' dir='ltr'><strong><em>nunc</em></strong></span> <span class='ocrx_word' id='word_1_210' title='bbox 367 2372 448 2438; x_wconf 86' lang='lat' dir='ltr'><strong><em>suut,</em></strong></span> <span class='ocrx_word' id='word_1_211' title='bbox 464 2363 580 2423; x_wconf 87' lang='lat' dir='ltr'><strong><em>luerunt</em></strong></span> <span class='ocrx_word' id='word_1_212' title='bbox 594 2363 663 2422; x_wconf 90' lang='lat' dir='ltr'><strong><em>olim</em></strong></span> <span class='ocrx_word' id='word_1_213' title='bbox 680 2381 771 2438; x_wconf 88' lang='lat' dir='ltr'><strong><em>nova,</em></strong></span> <span class='ocrx_word' id='word_1_214' title='bbox 788 2372 818 2422; x_wconf 85' lang='lat' dir='ltr'><strong><em>et</em></strong></span> <span class='ocrx_word' id='word_1_215' title='bbox 832 2365 973 2442; x_wconf 87' lang='lat' dir='ltr'><strong><em>quaedam</em></strong></span> <span class='ocrx_word' id='word_1_216' title='bbox 988 2373 1054 2423; x_wconf 87' lang='lat' dir='ltr'><strong><em>sunt</em></strong></span> <span class='ocrx_word' id='word_1_217' title='bbox 1068 2365 1101 2424; x_wconf 87' lang='lat' dir='ltr'><strong><em>in</em></strong></span> <span class='ocrx_word' id='word_1_218' title='bbox 1115 2381 1165 2424; x_wconf 87' lang='lat' dir='ltr'><strong><em>usu</em></strong></span> 
     </span>
     <span class='ocr_line' id='line_1_27' title="bbox 159 2445 1166 2526; baseline 0.001 -21"><span class='ocrx_word' id='word_1_219' title='bbox 159 2463 299 2524; x_wconf 86' lang='lat' dir='ltr'><strong><em>perquam</em></strong></span> <span class='ocrx_word' id='word_1_220' title='bbox 314 2449 463 2520; x_wconf 87' lang='lat' dir='ltr'><strong><em>recentia,</em></strong></span> <span class='ocrx_word' id='word_1_221' title='bbox 486 2455 517 2505; x_wconf 87' lang='lat' dir='ltr'><strong><em>ut</em></strong></span> <span class='ocrx_word' id='word_1_222' title='bbox 531 2445 657 2506; x_wconf 86' lang='lat' dir='ltr'><strong><em>Messala</em></strong></span> <span class='ocrx_word' id='word_1_223' title='bbox 673 2448 780 2526; x_wconf 90' lang='lat' dir='ltr'><strong><em>primus</em></strong></span> <span class='ocrx_word' id='word_1_224' title='bbox 795 2455 931 2523; x_wconf 84' lang='lat' dir='ltr'><strong><em>reatum,</em></strong></span> <span class='ocrx_word' id='word_1_225' title='bbox 953 2450 1166 2510; x_wconf 82' lang='lat' dir='ltr'><strong><em>munerarium</em></strong></span> 
     </span>
     <span class='ocr_line' id='line_1_28' title="bbox 159 2527 1204 2608; baseline 0.01 -21"><span class='ocrx_word' id='word_1_226' title='bbox 159 2528 308 2604; x_wconf 81' lang='lat' dir='ltr'><strong><em>Augustus</em></strong></span> <span class='ocrx_word' id='word_1_227' title='bbox 323 2531 430 2607; x_wconf 88' lang='lat' dir='ltr'><strong><em>primus</em></strong></span> <span class='ocrx_word' id='word_1_228' title='bbox 449 2529 590 2588; x_wconf 86' lang='lat' dir='ltr'><strong><em>dixerunt.</em></strong></span> <span class='ocrx_word' id='word_1_229' title='bbox 634 2527 801 2592; x_wconf 85' lang='lat' dir='ltr'><strong><em>Piratiaam</em></strong></span> <span class='ocrx_word' id='word_1_230' title='bbox 818 2547 934 2608; x_wconf 90' lang='lat' dir='ltr'><strong><em>quoque</em></strong></span> <span class='ocrx_word' id='word_1_231' title='bbox 954 2539 985 2590; x_wconf 88' lang='lat' dir='ltr'><strong><em>ut</em></strong></span> <span class='ocrx_word' id='word_1_232' title='bbox 1003 2532 1166 2605; x_wconf 80' lang='lat' dir='ltr'><strong><em>musicam,</em></strong></span> <span class='ocrx_word' id='word_1_233' title='bbox 1203 2589 1204 2608; x_wconf 61' lang='lat'><strong><em>,</em></strong></span> 
     </span>
     <span class='ocr_line' id='line_1_29' title="bbox 156 2611 1165 2692; baseline 0 -20"><span class='ocrx_word' id='word_1_234' title='bbox 156 2613 312 2691; x_wconf 79' lang='lat' dir='ltr'><strong><em>fabricam</em></strong></span> <span class='ocrx_word' id='word_1_235' title='bbox 328 2612 383 2671; x_wconf 89' lang='lat' dir='ltr'><strong><em>dici</em></strong></span> <span class='ocrx_word' id='word_1_236' title='bbox 399 2611 492 2672; x_wconf 88' lang='lat' dir='ltr'><strong><em>adhuc</em></strong></span> <span class='ocrx_word' id='word_1_237' title='bbox 509 2611 674 2674; x_wconf 88' lang='lat' dir='ltr'><strong><em>dubitabant</em></strong></span> <span class='ocrx_word' id='word_1_238' title='bbox 691 2615 747 2673; x_wconf 89' lang='lat' dir='ltr'><strong><em>mei</em></strong></span> <span class='ocrx_word' id='word_1_239' title='bbox 763 2623 982 2692; x_wconf 87' lang='lat' dir='ltr'><strong><em>praeceptores.</em></strong></span> <span class='ocrx_word' id='word_1_240' title='bbox 1013 2613 1165 2675; x_wconf 81' lang='lat' dir='ltr'><strong><em>Faaorem</em></strong></span> 
     </span>
     <span class='ocr_line' id='line_1_30' title="bbox 160 2693 1204 2776; baseline 0 -22"><span class='ocrx_word' id='word_1_241' title='bbox 160 2696 358 2757; x_wconf 86' lang='lat' dir='ltr'><strong><em>eturbanum</em></strong></span> <span class='ocrx_word' id='word_1_242' title='bbox 371 2693 477 2756; x_wconf 85' lang='lat' dir='ltr'><strong><em>Cicero</em></strong></span> <span class='ocrx_word' id='word_1_243' title='bbox 493 2713 568 2756; x_wconf 88' lang='lat' dir='ltr'><strong><em>nova</em></strong></span> <span class='ocrx_word' id='word_1_244' title='bbox 584 2699 686 2758; x_wconf 89' lang='lat' dir='ltr'><strong><em>credit.</em></strong></span> <span class='ocrx_word' id='word_1_245' title='bbox 725 2695 797 2756; x_wconf 88' lang='lat' dir='ltr'><strong><em>Nam</em></strong></span> <span class='ocrx_word' id='word_1_246' title='bbox 814 2705 842 2756; x_wconf 91' lang='lat' dir='ltr'><strong><em>et</em></strong></span> <span class='ocrx_word' id='word_1_247' title='bbox 857 2698 886 2756; x_wconf 92' lang='lat' dir='ltr'><strong><em>in</em></strong></span> <span class='ocrx_word' id='word_1_248' title='bbox 902 2696 1027 2776; x_wconf 88' lang='lat' dir='ltr'><strong><em>epistola</em></strong></span> <span class='ocrx_word' id='word_1_249' title='bbox 1042 2697 1079 2757; x_wconf 89' lang='lat' dir='ltr'><strong><em>ad</em></strong></span> <span class='ocrx_word' id='word_1_250' title='bbox 1095 2697 1164 2757; x_wconf 90' lang='lat' dir='ltr'><strong><em>Bru·</em></strong></span> <span class='ocrx_word' id='word_1_251' title='bbox 1203 2751 1204 2754; x_wconf 74' lang='grc'>,</span> 
     </span>
    </p>

    <p class='ocr_par' dir='ltr' id='par_1_8' title="bbox 136 2776 1163 2860">
     <span class='ocr_line' id='line_1_31' title="bbox 136 2776 1163 2860; baseline 0.002 -22"><span class='ocrx_word' id='word_1_252' title='bbox 136 2781 138 2784; x_wconf 82' lang='grc'><strong>’</strong></span> <span class='ocrx_word' id='word_1_253' title='bbox 160 2787 219 2838; x_wconf 87' lang='lat' dir='ltr'><strong><em>tum</em></strong></span> <span class='ocrx_word' id='word_1_254' title='bbox 230 2776 325 2856; x_wconf 82' lang='lat' dir='ltr'><strong><em>Eum,</em></strong></span> <span class='ocrx_word' id='word_1_255' title='bbox 343 2782 449 2858; x_wconf 85' lang='lat' dir='ltr'><strong><em>inquit,</em></strong></span> <span class='ocrx_word' id='word_1_256' title='bbox 467 2798 601 2843; x_wconf 87' lang='lat' dir='ltr'><strong><em>amorem</em></strong></span> <span class='ocrx_word' id='word_1_257' title='bbox 614 2789 643 2842; x_wconf 87' lang='lat' dir='ltr'><strong><em>et</em></strong></span> <span class='ocrx_word' id='word_1_258' title='bbox 654 2799 738 2855; x_wconf 92' lang='lat' dir='ltr'><strong><em>eum,</em></strong></span> <span class='ocrx_word' id='word_1_259' title='bbox 756 2781 857 2842; x_wconf 87' lang='lat' dir='ltr'><strong><em>utboo</em></strong></span> <span class='ocrx_word' id='word_1_260' title='bbox 870 2781 1063 2857; x_wconf 84' lang='lat' dir='ltr'><strong><em>uerboutar,</em></strong></span> <span class='ocrx_word' id='word_1_261' title='bbox 1076 2782 1163 2860; x_wconf 79' lang='lat' dir='ltr'><strong><em>saeo-</em></strong></span> 
     </span>
    </p>

    <p class='ocr_par' dir='ltr' id='par_1_9' title="bbox 61 2861 1163 2942">
     <span class='ocr_line' id='line_1_32' title="bbox 61 2861 1163 2942; baseline 0.001 -21"><span class='ocrx_word' id='word_1_262' title='bbox 61 2892 94 2904; x_wconf 84' lang='lat'><strong><em>-·</em></strong></span> <span class='ocrx_word' id='word_1_263' title='bbox 114 2865 224 2922; x_wconf 71' lang='lat' dir='ltr'><strong><em>barem</em></strong></span> <span class='ocrx_word' id='word_1_264' title='bbox 239 2863 272 2922; x_wconf 88' lang='lat' dir='ltr'><strong><em>in</em></strong></span> <span class='ocrx_word' id='word_1_265' title='bbox 294 2865 453 2924; x_wconf 69' lang='lat' dir='ltr'><strong><em>canalium</em></strong></span> <span class='ocrx_word' id='word_1_266' title='bbox 468 2864 636 2926; x_wconf 84' lang='lat' dir='ltr'><strong><em>advocabo.</em></strong></span> <span class='ocrx_word' id='word_1_267' title='bbox 676 2861 713 2922; x_wconf 86' lang='lat' dir='ltr'><strong><em>Et</em></strong></span> <span class='ocrx_word' id='word_1_268' title='bbox 728 2862 763 2922; x_wconf 90' lang='lat' dir='ltr'><strong><em>ad</em></strong></span> <span class='ocrx_word' id='word_1_269' title='bbox 779 2863 904 2942; x_wconf 82' lang='lat' dir='ltr'><strong><em>Appium</em></strong></span> <span class='ocrx_word' id='word_1_270' title='bbox 919 2862 1091 2938; x_wconf 86' lang='lat' dir='ltr'><strong><em>Pulchrum,</em></strong></span> <span class='ocrx_word' id='word_1_271' title='bbox 1115 2861 1163 2935; x_wconf 82' lang='lat' dir='ltr'><strong><em>Te,</em></strong></span> 
     </span>
    </p>

    <p class='ocr_par' dir='ltr' id='par_1_10' title="bbox 157 2945 1204 3191">
     <span class='ocr_line' id='line_1_33' title="bbox 158 2945 1162 3026; baseline 0 -20"><span class='ocrx_word' id='word_1_272' title='bbox 158 2945 307 3009; x_wconf 86' lang='lat' dir='ltr'><strong><em>bominem</em></strong></span> <span class='ocrx_word' id='word_1_273' title='bbox 323 2965 384 3008; x_wconf 88' lang='lat' dir='ltr'><strong><em>nou</em></strong></span> <span class='ocrx_word' id='word_1_274' title='bbox 393 2948 490 3008; x_wconf 81' lang='lat' dir='ltr'><strong><em>sotum</em></strong></span> <span class='ocrx_word' id='word_1_275' title='bbox 503 2950 672 3026; x_wconf 83' lang='lat' dir='ltr'><strong><em>sapientem</em></strong></span> <span class='ocrx_word' id='word_1_276' title='bbox 684 2965 790 3008; x_wconf 87' lang='lat' dir='ltr'><strong><em>aerum</em></strong></span> <span class='ocrx_word' id='word_1_277' title='bbox 805 2949 911 3023; x_wconf 91' lang='lat' dir='ltr'><strong><em>etiam,</em></strong></span> <span class='ocrx_word' id='word_1_278' title='bbox 926 2954 960 3008; x_wconf 90' lang='lat' dir='ltr'><strong><em>ut</em></strong></span> <span class='ocrx_word' id='word_1_279' title='bbox 970 2965 1053 3008; x_wconf 87' lang='lat' dir='ltr'><strong><em>nune</em></strong></span> <span class='ocrx_word' id='word_1_280' title='bbox 1067 2947 1162 3025; x_wconf 81' lang='lat' dir='ltr'><strong><em>loqui·</em></strong></span> 
     </span>
     <span class='ocr_line' id='line_1_34' title="bbox 157 3029 1163 3110; baseline -0.001 -22"><span class='ocrx_word' id='word_1_281' title='bbox 157 3047 243 3106; x_wconf 88' lang='lat' dir='ltr'><strong><em>mur,</em></strong></span> <span class='ocrx_word' id='word_1_282' title='bbox 258 3031 420 3092; x_wconf 86' lang='lat' dir='ltr'><strong><em>urbanum.</em></strong></span> <span class='ocrx_word' id='word_1_283' title='bbox 456 3029 536 3090; x_wconf 90' lang='lat' dir='ltr'><strong><em>Idem</em></strong></span> <span class='ocrx_word' id='word_1_284' title='bbox 550 3039 631 3109; x_wconf 89' lang='lat' dir='ltr'><strong><em>putat</em></strong></span> <span class='ocrx_word' id='word_1_285' title='bbox 648 3049 664 3090; x_wconf 92' lang='lat' dir='ltr'><strong><em>a</em></strong></span> <span class='ocrx_word' id='word_1_286' title='bbox 683 3030 820 3090; x_wconf 80' lang='lat' dir='ltr'><strong><em>Terentio</em></strong></span> <span class='ocrx_word' id='word_1_287' title='bbox 835 3031 955 3110; x_wconf 89' lang='lat' dir='ltr'><strong><em>primum</em></strong></span> <span class='ocrx_word' id='word_1_288' title='bbox 971 3030 1079 3090; x_wconf 87' lang='lat' dir='ltr'><strong><em>dietum</em></strong></span> <span class='ocrx_word' id='word_1_289' title='bbox 1096 3045 1163 3089; x_wconf 82' lang='lat' dir='ltr'><strong><em>esee</em></strong></span> 
     </span>
     <span class='ocr_line' id='line_1_35' title="bbox 157 3110 1204 3191; baseline -0.001 -19"><span class='ocrx_word' id='word_1_290' title='bbox 157 3112 351 3191; x_wconf 85' lang='lat' dir='ltr'><strong><em>obsequium,</em></strong></span> <span class='ocrx_word' id='word_1_291' title='bbox 367 3111 512 3174; x_wconf 81' lang='lat' dir='ltr'><strong><em>Caecilius</em></strong></span> <span class='ocrx_word' id='word_1_292' title='bbox 527 3114 677 3173; x_wconf 83' lang='lat' dir='ltr'><strong><em>asisenna</em></strong></span> <span class='ocrx_word' id='word_1_293' title='bbox 692 3115 807 3176; x_wconf 87' lang='lat' dir='ltr'><strong><em>albenti</em></strong></span> <span class='ocrx_word' id='word_1_294' title='bbox 821 3115 913 3179; x_wconf 73' lang='lat' dir='ltr'><strong><em>eoem.</em></strong></span> <span class='ocrx_word' id='word_1_295' title='bbox 949 3110 1108 3175; x_wconf 80' lang='lat' dir='ltr'><strong><em>Ceraiaem</em></strong></span> <span class='ocrx_word' id='word_1_296' title='bbox 1122 3112 1161 3172; x_wconf 87' lang='lat' dir='ltr'><strong><em>vi·</em></strong></span> <span class='ocrx_word' id='word_1_297' title='bbox 1203 3135 1204 3152; x_wconf 54' lang='lat'>¹</span> 
     </span>
    </p>

    <p class='ocr_par' dir='ltr' id='par_1_11' title="bbox 52 3193 1204 3281">
     <span class='ocr_line' id='line_1_36' title="bbox 52 3193 1204 3281; baseline 0.001 -27"><span class='ocrx_word' id='word_1_298' title='bbox 52 3207 58 3220; x_wconf 94' lang='grc'>’</span> <span class='ocrx_word' id='word_1_299' title='bbox 158 3193 242 3256; x_wconf 88' lang='lat' dir='ltr'><strong><em>detur</em></strong></span> <span class='ocrx_word' id='word_1_300' title='bbox 255 3195 425 3256; x_wconf 87' lang='lat' dir='ltr'><strong><em>Hortensius</em></strong></span> <span class='ocrx_word' id='word_1_301' title='bbox 445 3198 552 3274; x_wconf 89' lang='lat' dir='ltr'><strong><em>primus</em></strong></span> <span class='ocrx_word' id='word_1_302' title='bbox 568 3197 694 3274; x_wconf 86' lang='lat' dir='ltr'><strong><em>dixisse,</em></strong></span> <span class='ocrx_word' id='word_1_303' title='bbox 716 3216 780 3281; x_wconf 85' lang='lat' dir='ltr'><strong><em>nam</em></strong></span> <span class='ocrx_word' id='word_1_304' title='bbox 800 3207 917 3258; x_wconf 87' lang='lat' dir='ltr'><strong><em>veteres</em></strong></span> <span class='ocrx_word' id='word_1_305' title='bbox 940 3197 1093 3275; x_wconf 88' lang='lat' dir='ltr'><strong><em>pluraliter</em></strong></span> <span class='ocrx_word' id='word_1_306' title='bbox 1112 3212 1148 3273; x_wconf 87' lang='lat' dir='ltr'><strong><em>ap</em></strong></span> <span class='ocrx_word' id='word_1_307' title='bbox 1203 3203 1204 3216; x_wconf 65' lang='lat'>¹</span> 
     </span>
    </p>

    <p class='ocr_par' dir='ltr' id='par_1_12' title="bbox 158 3276 1160 3360">
     <span class='ocr_line' id='line_1_37' title="bbox 158 3276 1160 3360; baseline -0.004 -22"><span class='ocrx_word' id='word_1_308' title='bbox 158 3278 279 3356; x_wconf 89' lang='lat' dir='ltr'><strong><em>pellant.</em></strong></span> <span class='ocrx_word' id='word_1_309' title='bbox 323 3278 493 3339; x_wconf 89' lang='lat' dir='ltr'><strong><em>Audendum</em></strong></span> <span class='ocrx_word' id='word_1_310' title='bbox 514 3280 626 3358; x_wconf 86' lang='lat' dir='ltr'><strong><em>itaque;</em></strong></span> <span class='ocrx_word' id='word_1_311' title='bbox 649 3299 745 3360; x_wconf 92' lang='lat' dir='ltr'><strong><em>neque</em></strong></span> <span class='ocrx_word' id='word_1_312' title='bbox 766 3283 840 3342; x_wconf 90' lang='lat' dir='ltr'><strong><em>enim</em></strong></span> <span class='ocrx_word' id='word_1_313' title='bbox 858 3281 967 3344; x_wconf 88' lang='lat' dir='ltr'><strong><em>accedo</em></strong></span> <span class='ocrx_word' id='word_1_314' title='bbox 984 3280 1090 3354; x_wconf 85' lang='lat' dir='ltr'><strong><em>Celso,</em></strong></span> <span class='ocrx_word' id='word_1_315' title='bbox 1113 3276 1160 3356; x_wconf 92' lang='lat' dir='ltr'><strong><em>qui</em></strong></span> 
     </span>
    </p>

    <p class='ocr_par' dir='ltr' id='par_1_13' title="bbox 42 3360 1159 3440">
     <span class='ocr_line' id='line_1_38' title="bbox 42 3360 1159 3440; baseline -0.002 -22"><span class='ocrx_word' id='word_1_316' title='bbox 42 3413 44 3418; x_wconf 91' lang='lat'><strong><em>.</em></strong></span> <span class='ocrx_word' id='word_1_317' title='bbox 114 3361 195 3424; x_wconf 77' lang='lat' dir='ltr'><strong><em>asab</em></strong></span> <span class='ocrx_word' id='word_1_318' title='bbox 212 3372 329 3423; x_wconf 90' lang='lat' dir='ltr'><strong><em>oratore</em></strong></span> <span class='ocrx_word' id='word_1_319' title='bbox 343 3363 433 3423; x_wconf 88' lang='lat' dir='ltr'><strong><em>verba</em></strong></span> <span class='ocrx_word' id='word_1_320' title='bbox 446 3364 514 3440; x_wconf 79' lang='lat' dir='ltr'><strong><em>iungi</em></strong></span> <span class='ocrx_word' id='word_1_321' title='bbox 527 3373 615 3424; x_wconf 88' lang='lat' dir='ltr'><strong><em>vetat.</em></strong></span> <span class='ocrx_word' id='word_1_322' title='bbox 657 3363 744 3440; x_wconf 87' lang='lat' dir='ltr'><strong><em>Nam,</em></strong></span> <span class='ocrx_word' id='word_1_323' title='bbox 767 3383 832 3424; x_wconf 90' lang='lat' dir='ltr'><strong><em>cum</em></strong></span> <span class='ocrx_word' id='word_1_324' title='bbox 853 3367 908 3424; x_wconf 85' lang='lat' dir='ltr'><strong><em>sint</em></strong></span> <span class='ocrx_word' id='word_1_325' title='bbox 924 3381 1024 3424; x_wconf 88' lang='lat' dir='ltr'><strong><em>eornm</em></strong></span> <span class='ocrx_word' id='word_1_326' title='bbox 1039 3361 1095 3422; x_wconf 87' lang='lat' dir='ltr'><strong><em>alia</em></strong></span> <span class='ocrx_word' id='word_1_327' title='bbox 1113 3360 1159 3439; x_wconf 89' lang='lat' dir='ltr'><strong><em>(ut</em></strong></span> 
     </span>
    </p>

    <p class='ocr_par' dir='ltr' id='par_1_14' title="bbox 158 3442 1156 3527">
     <span class='ocr_line' id='line_1_39' title="bbox 158 3442 1156 3527; baseline -0.001 -26"><span class='ocrx_word' id='word_1_328' title='bbox 158 3443 228 3504; x_wconf 87' lang='lat' dir='ltr'><strong><em>dicit</em></strong></span> <span class='ocrx_word' id='word_1_329' title='bbox 254 3442 376 3526; x_wconf 79' lang='lat' dir='ltr'><strong><em>Cicero)</em></strong></span> <span class='ocrx_word' id='word_1_330' title='bbox 402 3449 513 3524; x_wconf 89' lang='lat' dir='ltr'><strong><em>nativa,</em></strong></span> <span class='ocrx_word' id='word_1_331' title='bbox 539 3448 568 3509; x_wconf 91' lang='lat' dir='ltr'><strong><em>id</em></strong></span> <span class='ocrx_word' id='word_1_332' title='bbox 596 3457 657 3526; x_wconf 80' lang='lat' dir='ltr'><strong><em>est,</em></strong></span> <span class='ocrx_word' id='word_1_333' title='bbox 684 3465 758 3527; x_wconf 89' lang='lat' dir='ltr'><strong><em>quae</em></strong></span> <span class='ocrx_word' id='word_1_334' title='bbox 785 3446 944 3526; x_wconf 80' lang='lat' dir='ltr'><strong><em>significata</em></strong></span> <span class='ocrx_word' id='word_1_335' title='bbox 975 3456 1039 3507; x_wconf 87' lang='lat' dir='ltr'><strong><em>sunt</em></strong></span> <span class='ocrx_word' id='word_1_336' title='bbox 1066 3443 1156 3524; x_wconf 88' lang='lat' dir='ltr'><strong><em>primo</em></strong></span> 
     </span>
    </p>
   </div>
   <div class='ocr_carea' id='block_1_3' title="bbox 80 3618 173 3640">
    <p class='ocr_par' dir='ltr' id='par_1_15' title="bbox 80 3618 173 3640">
     <span class='ocr_line' id='line_1_40' title="bbox 80 3618 173 3640; baseline 0 0"><span class='ocrx_word' id='word_1_337' title='bbox 80 3618 173 3640; x_wconf 50' lang='lat' dir='ltr'><strong><em>A.</em></strong></span> 
     </span>
    </p>
   </div>
   <div class='ocr_carea' id='block_1_4' title="bbox 0 0 1222 3956">
    <p class='ocr_par' dir='ltr' id='par_1_16' title="bbox 0 0 1222 3956">
     <span class='ocr_line' id='line_1_41' title="bbox 0 0 1222 3956; baseline 0 2"><span class='ocrx_word' id='word_1_338' title='bbox 0 0 1222 3956; x_wconf 95' lang='lat' dir='ltr'><strong><em> </em></strong></span> 
     </span>
    </p>
   </div>
  </div>
 </body>
</html>
