2470 3962
182 213 244 276 224
504 201 873 286 unnsournnnnrsuu

184 383 295 444 Eadem
315 380 496 459 aliquatenus
512 378 631 439 liberius
646 378 781 438 deorsum
796 380 993 457 spectantibus
1009 381 1110 460 digitis
1126 380 1190 444 col·

185 469 283 544 ligitur
297 465 325 525 in
340 480 393 524 nos
412 463 546 523 otiosius
563 461 649 541 paulo
666 462 693 520 in
709 461 852 523 diversum
873 463 1047 542 resolvitur,
1069 475 1101 526 ut
1116 483 1189 544 quo·

142 548 337 620 osdammodo
353 564 515 607 sermonem
538 547 630 624 ipsum
648 545 782 624 prolerre
798 546 939 607 rideatur.
970 546 1059 609 Binos
1074 551 1190 610 interim

185 634 291 710 digitos
312 632 510 709 distinguimus
532 630 657 690 sednon
677 630 788 688 inserto
805 629 930 707 pollice,
958 633 1075 710 paulum
1092 643 1189 694 tamen

185 715 370 780 inferioribus
386 716 458 775 intra
474 712 671 792 spectantibus
687 711 738 771 sed
754 730 791 772 ne
809 711 865 773 illis
882 714 996 793 quidem
1010 719 1123 792 tensis,
1140 720 1188 797 qui

143 817 275 880 oosupra
297 807 372 859 sunt.
404 796 521 858 Interim
536 797 658 856 extremi
675 796 796 874 palmam
812 798 889 857 circa
910 799 965 858 ima
982 799 1100 876 pollicis
1122 819 1188 879 pre·
1224 797 1225 814 ¹

183 893 276 960 munt,
300 885 364 962 ipse
386 880 531 960 prioribus
552 879 587 940 ad
609 879 721 941 medios
744 880 882 940 articulos
902 883 1044 958 iungitur:
1073 884 1187 944 interim

78 979 84 987 “
184 977 302 1048 quartus
326 966 445 1046 oblique
468 965 634 1043 reponitur;
659 964 771 1023 interim
793 973 927 1043 quattuor
941 967 1071 1026 remissis
1094 970 1187 1044 magis

185 1069 269 1132 quam
289 1051 397 1125 tensis,
418 1049 527 1127 pollice
549 1047 623 1107 intus
638 1047 791 1122 inclinato,
811 1047 939 1111 habilem
960 1048 1187 1112 demonstrando

185 1140 212 1195 ia
234 1135 308 1195 latus
331 1142 379 1194 aut
403 1130 629 1209 distinguendis,
657 1148 732 1209 quae
755 1130 892 1206 dicimus,
917 1150 1028 1192 manum
1052 1134 1185 1208 iacimus,

127 1230 247 1282 toccum
266 1218 366 1294 supina
382 1219 410 1277 in
425 1217 569 1275 sinistrum
585 1214 675 1288 latus,
694 1231 786 1292 prona
803 1216 832 1273 in
847 1215 968 1276 alterum
986 1215 1087 1276 lentur.
1113 1219 1186 1279 Snnt

184 1315 213 1364 et
229 1303 270 1363 illi
288 1301 393 1361 breves
408 1309 526 1378 gestus,
544 1315 607 1358 cnm
624 1315 721 1357 manus
739 1298 843 1358 leviter
861 1298 1000 1377 pandata,
1021 1301 1116 1380 qualis
1134 1318 1184 1360 vo·
1224 1319 1225 1324 ¹

182 1387 309 1448 vantium
329 1393 391 1459 est,
417 1384 512 1462 parvis
535 1381 695 1442 intervallis
712 1391 740 1440 et
760 1380 1037 1443 subessentientibus
1057 1384 1184 1444 humeris

183 1478 334 1543 movetur,
361 1469 483 1527 maxime
507 1475 574 1544 apta
597 1483 684 1543 parce
709 1473 737 1524 et
760 1465 842 1550 quasi
867 1467 963 1526 timide
985 1466 1183 1545 loquentibus.

183 1554 235 1614 Est
256 1551 434 1611 admirationi
456 1549 632 1609 conveniens
654 1549 704 1608 ille
726 1559 845 1625 gestus,
871 1567 927 1629 quo
949 1568 1047 1611 manus
1070 1553 1184 1612 modice

182 1637 313 1714 supinata
332 1652 366 1693 ac
382 1652 436 1712 per
451 1631 581 1711 singulos
597 1651 613 1692 a
628 1633 742 1691 minimo
761 1631 886 1693 collecta
905 1633 1022 1711 digitos,
1042 1635 1183 1694 redeunte

124 1719 271 1792 totilenu,
291 1717 373 1778 simul
390 1717 552 1796 explicatur
567 1724 654 1794 atque
671 1719 857 1776 convertitur.
888 1715 951 1777 Nec
966 1735 1023 1776 uno
1039 1718 1127 1778 modo
1143 1721 1182 1776 in·

181 1812 366 1881 terrogantes
388 1810 501 1879 gestum
523 1801 738 1877 componimus,
765 1801 933 1879 plerumque
950 1811 1044 1861 tamen
1068 1812 1182 1862 verten-

180 1899 225 1947 tes
248 1903 374 1958 manum,
398 1895 542 1964 utcunque
568 1885 729 1962 composita
752 1894 805 1944 est.
847 1883 950 1944 Pollioi
972 1887 1122 1962 proximus
1142 1885 1181 1946 di·

153 1974 258 2049 *gitus
282 1969 482 2047 mediumque,
505 1985 560 2045 qua
578 1967 681 2027 dexter
701 1977 765 2042 est,
790 1987 913 2046 unguem
933 1969 1049 2047 pollicis
1072 1985 1180 2028 summo

181 2071 233 2113 suo
258 2056 396 2130 iungens,
419 2053 545 2111 remissis
562 2053 685 2125 ceteris,
707 2060 797 2112 estet
820 2051 1047 2129 approbantibus
1072 2061 1100 2112 et
1118 2071 1181 2112 nar·

123 2137 310 2198 tobrantibus
327 2146 355 2195 et
372 2133 609 2213 distinguentibus
625 2134 760 2195 decorus.
799 2133 852 2194 (lui
869 2153 926 2195 non
941 2136 1105 2210 dissimilis,
1129 2136 1181 2196 sed

181 2215 355 2296 complicitis
371 2220 461 2279 tribus
478 2219 592 2296 digitis,
608 2235 667 2297 quo
683 2219 877 2281 nunodlraeci
893 2220 1040 2298 plurimum
1057 2229 1181 2293 utuntur,

181 2306 267 2364 etiam
285 2313 405 2381 utraque
420 2321 522 2378 manu,
547 2305 681 2380 quotiens
701 2303 911 2378 enthymemata
934 2322 985 2363 sua
1002 2312 1087 2380 gestu
1102 2302 1183 2363 velut

152 2386 398 2448 *corrotundant
431 2385 545 2446 (laesim
567 2404 667 2445 manus
685 2386 780 2447 lenior
796 2388 934 2464 promittit
957 2397 986 2447 et
1008 2396 1182 2461 assentatur,

181 2472 295 2530 citatior
311 2470 460 2544 bortatur,
484 2469 596 2528 interim
614 2469 719 2529 laudat.
750 2469 802 2529 llst
818 2480 846 2530 et
864 2470 913 2530 ille
929 2473 1058 2548 urgentis
1075 2473 1182 2529 oratio·

183 2573 247 2614 nem
268 2563 369 2630 gestus
389 2553 517 2631 vulgaris
540 2555 632 2630 magis
649 2572 731 2632 quam
749 2573 786 2613 ex
802 2563 880 2628 arte,
905 2555 954 2633 qui
978 2555 1120 2614 contrabit
1172 2585 1183 2600 -

122 2643 173 2697 103
181 2648 265 2698 terno
282 2639 432 2716 celerique
451 2647 526 2696 motu
545 2646 573 2696 et
590 2637 717 2713 explicat
732 2656 852 2697 manum.
885 2637 938 2697 ldst
953 2647 983 2698 et
998 2639 1048 2697 illa
1066 2656 1139 2697 cava
1163 2701 1165 2704 ,

180 2740 244 2782 rara
270 2731 298 2780 et
324 2739 410 2800 supra
439 2721 548 2781 humeri
575 2720 750 2780 altitudinem
775 2721 848 2780 elata
876 2740 938 2780 oum
959 2723 1082 2799 quodam
1104 2731 1182 2781 motu

180 2805 261 2865 velut
276 2805 417 2865 hortatrix
434 2823 549 2870 manus:
576 2823 592 2864 a
608 2806 772 2882 peregrinis
793 2805 902 2864 sobolis
917 2815 1011 2864 tamen
1027 2822 1122 2883 prope
1139 2823 1182 2863 re-

182 2897 267 2964 cepta
290 2888 412 2947 tremula
439 2889 555 2949 scenica
578 2897 632 2948 est.
671 2886 803 2965 Digitos.
830 2907 895 2948 cum
917 2891 1016 2950 summi
1039 2891 1181 2963 coierunt,

182 2972 217 3031 ad
233 2989 286 3029 nos
301 2972 430 3042 referre,
447 2990 498 3031 our
514 2972 682 3049 quibusdam
699 2972 898 3051 displicuerit,
923 2973 1033 3032 nescio.
1067 2971 1141 3031 llam
1156 2971 1181 3030 id

181 3064 210 3115 et
239 3055 344 3114 leviter
369 3055 543 3114 admirantes
568 3065 598 3115 et
624 3057 734 3115 interim
757 3056 850 3116 subita
876 3057 1072 3131 indignatione
1102 3055 1182 3114 velut

121 3147 374 3216 lolpavescentes
387 3148 416 3198 ct
426 3140 620 3213 deprecantes
636 3140 765 3201 iacimus.
794 3140 868 3212 Quin
883 3156 1081 3218 compressam
1098 3140 1181 3199 etiarn

180 3241 290 3282 manum
318 3225 345 3281 in
367 3225 543 3299 poenitentia
565 3223 612 3282 vel
630 3225 672 3283 ir'a
688 3226 801 3302 pectori
822 3224 1025 3296 admovemus,
1050 3223 1099 3282 ubi
1123 3238 1180 3280 vox

66 3367 70 3379 Ι
179 3305 228 3365 vel
247 3307 440 3366 intendentes
459 3324 599 3384 expressa
623 3323 679 3365 non
696 3307 836 3378 dedecet:
864 3305 945 3380 Quid
965 3327 1049 3368 maeno
1064 3306 1181 3384 aptum?

182 3386 266 3460 occa
279 3390 405 3467 socios?
426 3390 539 3450 Averso
554 3389 663 3463 pollice
679 3389 879 3450 demonstrare
894 3390 1012 3469 aliquid,
1030 3399 1180 3467 receptum

122 3479 172 3531 tos
181 3473 273 3545 magis
298 3483 367 3549 puto
393 3491 478 3552 quam
499 3477 607 3534 oratori
626 3475 773 3534 decorum.
810 3474 869 3534 Sed
891 3493 954 3534 curn
974 3475 1064 3533 omnis
1086 3481 1181 3531 motus
