2436 3956
188 239 247 301 loc
504 247 542 296 u.
558 245 636 293 uns.
653 243 873 305 commensus

187 413 216 464 et
234 403 354 480 contigit
369 401 531 478 utrumque.
562 398 647 473 Quod
663 415 721 459 non
736 398 935 473 inseruissem,
951 398 1066 456 veritus
1084 397 1195 476 opinio·

187 507 251 548 nem
268 480 439 561 iactantiae,
461 485 516 542 nisi
532 481 658 562 probare
675 482 846 558 voluissem,
862 482 891 540 in
906 480 972 539 ioro
989 496 1115 559 quoqne
1131 497 1195 539 essa

140 573 230 639 achis
247 570 345 648 liguris
361 568 466 629 locum.
499 565 647 640 Quaedam
663 568 759 642 etiam,
778 581 853 644 quae
866 562 992 643 probare
1008 577 1070 622 non
1088 565 1196 642 possis,

186 656 277 732 ligura
293 655 390 731 potius
407 649 571 730 spargenda
595 659 669 709 sunt.
701 649 810 710 Haeret
833 649 909 708 enim
932 663 1145 726 nonnunquam
1160 657 1196 708 te·

121 743 122 747 ’
184 738 323 800 lumillud
335 734 496 811 occultum,
513 742 542 794 et
553 734 611 794 hoo
622 735 705 812 ipso,
722 731 800 812 quod
814 749 872 792 non
884 741 1018 810 apparet,
1036 733 1129 791 eximi
1146 749 1196 791 non

186 830 301 902 potest;
318 820 430 880 elidem
444 818 524 878 dicas
540 817 649 896 palam:
667 826 696 877 et
712 814 875 877 defenditur
891 823 920 874 et
938 813 1126 893 probandum
1147 825 1194 874 est.

143 915 178 973 76
271 902 342 964 (lum
372 911 466 962 autem
500 901 596 962 obstat
627 901 711 961 nobis
741 916 922 979 personae
951 902 1194 972 reverentia,

188 986 282 1068 (quod
302 985 459 1046 secundum
487 985 636 1063 posuimus
665 984 780 1064 genus)
802 992 882 1043 tanto
905 983 1015 1042 cautius
1039 982 1194 1042 dicendum

187 1081 242 1147 est,
260 1079 365 1149 quanto
386 1068 508 1129 validius
529 1066 623 1127 bonos
645 1067 754 1128 inhibet
775 1067 869 1145 pudor
892 1084 976 1145 quam
998 1073 1108 1125 metus.
1148 1065 1197 1125 llic

185 1171 257 1214 vero
275 1163 378 1231 tegere
393 1169 447 1213 nos
469 1150 572 1228 iudex,
597 1152 674 1230 quod
691 1152 832 1228 sciamus,
860 1159 889 1210 et
909 1148 1046 1210 verbani
1072 1150 1196 1228 quadan

186 1239 316 1299 veritatis
338 1237 518 1315 erumpentia
551 1235 651 1296 credat
675 1251 827 1295 coercere.
877 1232 950 1293 Nam
971 1242 1081 1311 quanto
1106 1235 1195 1292 minus

188 1331 236 1382 aut
251 1322 317 1400 ipsi,
336 1323 364 1380 in
384 1336 457 1399 quos
472 1317 610 1394 dicimus,
632 1327 680 1379 ant
702 1319 812 1379 iudices
828 1325 877 1378 aut
893 1317 1063 1376 assistentes
1083 1316 1195 1378 oderint

144 1405 261 1468 ratane
276 1401 469 1464 maledicendi
483 1403 649 1479 lasciviam,
674 1404 698 1460 si
713 1402 793 1463 velle
808 1416 863 1461 nos
881 1397 1021 1460 credant?
1050 1399 1114 1460 Aut
1129 1399 1195 1480 quid
1214 1441 1215 1468 ,

187 1491 319 1563 interest,
337 1485 483 1566 quomodo
500 1484 621 1561 dicatur,
640 1504 703 1546 cunr
717 1487 746 1546 et
760 1503 809 1546 res
830 1493 859 1545 et
875 1485 984 1545 animus
999 1481 1194 1560 intelligitur?
1214 1491 1215 1526 ³

189 1572 264 1646 Quid
281 1569 403 1631 dicendo
420 1570 544 1647 denique
566 1569 751 1647 proficimus,
772 1569 827 1629 nisi
847 1577 879 1628 ut
918 1567 991 1629 alam
1013 1569 1068 1644 sit,
1095 1569 1193 1628 lacere

186 1672 252 1731 nos,
269 1653 347 1734 quod
362 1655 417 1732 ipsi
433 1653 556 1712 sciamus
567 1670 625 1713 non
641 1671 709 1712 esse
726 1587 915 1713 laciendumd
933 1651 1021 1730 Atqui
1034 1654 1193 1731 praecipua

187 1739 288 1818 prima,
308 1737 410 1817 quibus
426 1738 600 1815 praecipere
616 1753 789 1817 coeperam,
805 1745 938 1815 tempora
952 1735 1009 1796 boc
1023 1736 1098 1796 vitio
1114 1736 1192 1796 labo·

187 1830 294 1882 rarunt.
334 1820 478 1881 Dicebant
503 1822 577 1880 enim
596 1821 721 1881 libenter
755 1819 830 1880 tales
856 1820 1092 1898 controversias,
1120 1837 1192 1898 qnae

98 1929 106 1942 ¹
144 1904 364 1971 tadifficultatts
381 1907 474 1984 gratia
490 1904 624 1983 placent,
648 1923 711 1966 cum
735 1904 791 1963 sint
811 1903 900 1964 multo
922 1903 1084 1964 faciliores.
1123 1879 1215 1978 Nanl

118 2004 124 2018 ‘
186 1999 297 2050 rectum
311 2007 403 2066 genus
419 1987 575 2066 approbari
589 1989 644 2047 nisi
658 1989 787 2047 maximis
797 1987 907 2048 viribus
920 2004 977 2046 non
989 1997 1105 2066 potest;
1121 1987 1192 2048 baec
1213 1985 1215 2034 i

185 2072 366 2134 deverticula
383 2081 411 2131 et
427 2072 572 2131 anfractus
587 2072 711 2148 suffugia
725 2081 790 2130 sunt
803 2071 983 2146 infirmitatis,
1000 2079 1030 2131 ut
1043 2073 1093 2150 qui
1109 2089 1191 2132 cursu

188 2174 287 2236 parum
303 2155 413 2232 valent,
428 2155 506 2215 llexu
522 2154 650 2231 eludunt,
668 2154 826 2231 cumbaec,
844 2172 918 2233 quae
935 2156 1099 2232 affectatur,
1119 2157 1190 2215 ratio

186 2242 393 2300 sententiarum
412 2255 470 2298 non
484 2235 619 2318 procula
638 2239 751 2300 ratione
772 2237 886 2299 iocandi
907 2237 1072 2300 abhorreat.
1106 2238 1190 2298 notu·

188 2333 236 2384 vat
255 2325 355 2399 etiam,
372 2322 449 2401 quod
469 2322 581 2383 auditor
597 2323 704 2400 gaudet
718 2322 901 2400 intelligere,
927 2331 956 2382 et
976 2322 1056 2382 lavet
1074 2323 1190 2401 ingenio

147 2415 240 2470 laeuo
258 2407 358 2466 etalio
379 2407 494 2469 dicente
513 2425 546 2465 se
563 2405 669 2467 laudat.
701 2406 803 2486 ltaque
818 2423 875 2478 non
891 2406 999 2482 solum,
1022 2409 1047 2466 si
1064 2421 1189 2484 persona

189 2490 318 2551 obstaret
333 2497 433 2549 rectae
446 2491 584 2566 orationi,
607 2491 686 2569 (quo
702 2493 730 2550 in
745 2508 856 2568 genere
872 2492 989 2568 saepius
1006 2489 1094 2550 modo
1110 2509 1189 2570 quam

189 2575 288 2651 liguris
304 2590 378 2651 opus
396 2574 455 2652 est)
473 2573 666 2634 decurrebant
679 2573 716 2635 ad
727 2574 883 2650 schemata,
904 2573 956 2632 sed
972 2573 1121 2634 iaciebant
1136 2574 1188 2634 illis

187 2659 285 2718 locum
302 2659 396 2734 etiarn,
412 2656 460 2716 ubi
477 2657 592 2717 inutiles
609 2676 644 2717 ac
658 2657 786 2718 nefariae
803 2665 917 2718 essent:
938 2665 968 2716 ut
983 2659 1009 2717 si
1024 2667 1127 2737 pater,
1145 2659 1188 2738 qui
1214 2735 1215 2738 Ἴ

189 2742 324 2802 infamem
335 2743 364 2801 in
379 2750 498 2800 matrem
514 2741 734 2802 lulium-secreto
751 2743 924 2817 occidisset,
940 2759 1009 2800 reus
1026 2740 1122 2802 malae
1137 2751 1187 2802 tra·
1213 2739 1215 2768 ⁴

146 2826 323 2886 Soctationis
339 2825 514 2885 iacularetur
525 2827 683 2886 inuxorem
698 2825 823 2902 obliquis
839 2827 1000 2884 sententiis.
1034 2824 1108 2885 Nam
1127 2822 1187 2904 qnid

189 2909 336 2986 impurius,
357 2925 441 2987 quam
455 2909 609 2968 retinuisse
621 2906 729 2970 talem?
753 2908 827 2984 Quid
839 2926 927 2988 porro
937 2917 993 2969 tam
1007 2912 1186 2983 eontrarium,

191 3010 274 3070 quam
292 3009 367 3068 eum,
385 2993 432 3070 qui
447 3002 617 3068 accusetur,
634 2993 701 3071 quia
718 3011 855 3052 stunmum
876 2992 958 3052 neias
975 2995 1140 3072 suspicatus
1155 2991 1186 3050 dc

191 3092 282 3134 uxore
298 3077 448 3153 videatur,
474 3076 644 3136 condrmarc
660 3076 688 3136 id
703 3077 766 3155 ipsa
782 3076 968 3152 defensione,
988 3077 1066 3154 quod
1083 3077 1186 3136 diluen-

190 3156 337 3218 domest?
372 3158 411 3218 At
433 3161 458 3218 si
481 3159 604 3219 iudicum
626 3169 771 3220 sumerent
796 3163 934 3220 animum:
958 3161 1086 3237 scirent,
1110 3175 1185 3239 quan

192 3242 331 3302 eiusmodi
346 3243 488 3303 actionem
503 3242 587 3302 laturi
601 3261 659 3303 non
671 3244 806 3316 inissent3
822 3244 971 3322 multoque
988 3246 1074 3304 etiam
1089 3246 1186 3318 minus,
1214 3289 1215 3296 ,

146 3334 182 3387 81
192 3343 253 3386 cum
270 3328 298 3385 in
314 3334 450 3404 parentes
467 3325 654 3386 abominanda
676 3329 792 3387 crimina
815 3336 1031 3406 spargerentur.
1070 3326 1107 3387 Et
1124 3343 1186 3404 qua·
1214 3355 1215 3360 κ

193 3418 276 3468 tenus
294 3409 350 3469 huc
362 3409 529 3486 incidimus,
551 3410 639 3488 paulo
662 3411 727 3489 plus
749 3411 859 3471 scholis
883 3411 993 3471 demus.
1029 3409 1102 3471 Nam
1119 3420 1148 3470 et
1162 3409 1187 3466 in

192 3490 236 3549 iris
253 3487 391 3553 ellucatur
406 3503 519 3572 orator,
540 3503 569 3553 et
587 3495 615 3552 in
631 3511 682 3571 eo,
701 3494 845 3572 quomodo
860 3494 1047 3572 declamatur,
1065 3495 1188 3573 positum
