2436 3956
179 199 198 259 6
524 208 561 256 n.
578 207 656 255 aaa.
669 206 888 268 numeramur

134 371 169 428 aa
261 359 399 422 Solebam
419 370 448 421 et
464 379 643 441 excerpere,
669 363 736 442 quid
756 361 822 422 milri
841 380 904 422 oum
923 362 1083 423 adversario
1099 378 1151 422 oon

176 443 303 520 veniret,
327 445 352 504 si
373 444 459 505 modo
475 445 503 505 id
525 463 639 523 prome
658 455 735 521 erat,
758 453 813 505 neo
839 446 932 507 solum
952 463 1080 525 premere
1100 462 1154 504 oon·

175 525 334 587 fossionem
349 527 403 588 sed
417 529 568 608 partiendo
584 529 792 608 multiplicare:
812 538 843 589 at
858 529 948 589 inille
964 530 1155 601 controversia,

174 607 264 688 Duc,
287 613 339 689 qui
354 614 575 691 competitorem
594 622 716 692 patrem
738 615 770 674 in
785 613 943 692 suffrapiis
962 614 1092 685 vicerat,
1112 629 1155 671 ca·
1181 639 1182 688 p

171 701 244 772 ptus
261 703 323 766 est,·
345 705 449 758 euntes
463 695 507 756 ad
526 696 762 776 redemptionem
781 697 847 758 eius
859 697 952 775 lopati
978 697 1092 757 ubuum
1113 693 1156 752 la

174 778 304 840 buerunt
315 787 437 858 patrem
452 788 652 842 revertentem
666 781 706 842 alr
726 779 869 841 nostibus.
909 777 943 840 fs
957 780 1064 858 tepetis
1078 778 1155 838 dicit:

132 858 270 940 ioSero,
289 863 349 923 itis
394 859 607 924 Excusserunt
619 863 665 924 illi
675 868 797 942 patrem
812 869 840 923 et
857 881 968 924 aarum
984 864 1016 923 in
1031 864 1095 922 unte
1106 861 1156 920 eins

150 1005 152 1012 ,
174 945 371 1014 invenerunts
390 946 451 1021 ipsi
462 954 702 1023 perseverarunt
716 947 779 1021 ire,
796 961 855 1023 qno
869 947 1079 1013 intenderanl;
1092 947 1154 1004 inve·
1181 975 1182 1014 ,

173 1033 284 1090 nemrot
299 1030 408 1090 ducem
429 1030 517 1090 eruci
530 1029 641 1106 dmm,
665 1031 753 1089 euius
767 1046 828 1090 voa
839 1029 916 1107 fnit.-
938 1028 1050 1090 Cavete
1066 1025 1154 1106 prodi·
1181 1037 1182 1086 3

174 1121 278 1174 torem.
322 1110 407 1173 Reus
428 1121 475 1173 est
492 1121 592 1191 pater.
637 1111 711 1185 Quid
737 1109 891 1171 convenit?
934 1111 1069 1173 Proditio
1088 1107 1182 1170 mlo,

171 1195 338 1273 praedicta
353 1203 398 1256 est
412 1204 441 1257 et
453 1196 620 1273 praedicta
636 1215 656 1256 a
678 1197 778 1264 duee;
804 1197 969 1274 quaerimus
987 1195 1152 1274 proditorem.
1180 1183 1182 1258 l

177 1277 218 1339 Te
233 1280 294 1342 isse
314 1278 358 1339 ad
375 1280 474 1339 ltosles
486 1278 597 1356 fateris
617 1289 645 1340 et
667 1281 728 1339 isse
740 1279 819 1340 elam
834 1286 863 1340 et
880 1279 920 1339 ab
936 1277 985 1340 leis
999 1279 1154 1340 incolomem

132 1373 164 1426 31
173 1362 304 1436 rediise,
320 1380 431 1422 aurum
444 1363 585 1424 retulisse
597 1369 626 1423 et
636 1380 746 1423 aarum
758 1361 908 1423 occultum
917 1361 1068 1422 doluisse.
1089 1356 1152 1425 Natta

176 1443 253 1521 quod
264 1444 350 1519 fecit,
367 1444 395 1504 id
407 1461 608 1522 nonnunquam
620 1444 765 1521 potentius
778 1443 808 1502 fit
823 1444 851 1501 in
868 1445 1082 1520 propositione;
1097 1451 1152 1516 quae

175 1527 199 1586 si
223 1527 332 1586 animos
354 1525 525 1604 occupavit,
545 1542 638 1603 prope
660 1542 745 1584 aures
766 1527 849 1604 ipsae
865 1525 1029 1586 defensioni
1043 1518 1152 1604 praeola-

175 1613 286 1670 duntur.
332 1608 364 1667 ln
383 1616 473 1668 totum
495 1617 590 1668 autem
610 1611 798 1686 congregatio
823 1610 971 1668 criminum
995 1612 1153 1669 accusantem

175 1686 305 1766 adiuvat,
327 1694 474 1769 separatio
497 1692 709 1751 defendentem.
754 1691 891 1752 Solebam
907 1692 953 1767 id,
977 1692 1051 1771 quod
1066 1686 1119 1747 lieri
1133 1687 1153 1740 el

174 1778 202 1834 in
212 1776 386 1853 argumentis
397 1776 472 1852 dixi,
489 1777 518 1834 in
529 1775 697 1838 totafaoere
708 1776 843 1849 materia,
859 1777 1074 1854 utpropositis,
1091 1775 1152 1828 extra

175 1876 250 1938 quae
271 1859 340 1919 nihil
362 1868 457 1934 esset,
486 1857 615 1917 omnihus
631 1857 735 1917 deinde
752 1861 858 1917 ceteris
879 1861 1018 1934 remotis,
1041 1843 1152 1915 sotumil

132 1951 360 2019 aasuperesset,
389 1942 466 2020 quod
488 1940 567 2000 credi
588 1940 732 1999 volebam.
782 1939 870 1998 Utin
898 1939 1152 2016 praevaricationum

176 2024 356 2084 criminibus:
372 2023 410 2084 tte
420 2025 596 2084 absolvatur
611 2042 699 2098 reus,
715 2028 769 2082 aut
782 2023 956 2084 innocentia
971 2023 1066 2102 ipsius
1077 2016 1153 2095 filant
1170 2075 1182 2086 ,,

56 2158 60 2164 .
174 2109 501 2185 intervenienteatiqua
507 2115 657 2185 potestate
669 2114 723 2166 aut
733 2107 764 2167 oi
776 2115 830 2166 ant
841 2114 986 2183 corrupto
999 2104 1105 2166 iudicio
1114 2098 1153 2156 atti

175 2191 357 2270 difficultate
369 2190 559 2269 probationis
577 2199 632 2251 aut
648 2189 929 2269 praevaricatione.
951 2223 995 2238 —-
1014 2185 1153 2248 Nocentett
1181 2249 1182 2262 ,

172 2275 270 2353 fuisse
281 2274 444 2351 confiteris,
456 2273 820 2352 nullapotestasodstitit,
831 2273 990 2348 collucis,
1001 2271 1153 2356 eorraplaft
1181 2327 1182 2332 ,

173 2357 322 2418 iudicium
332 2359 554 2434 conquereris,
569 2359 654 2418 nulla
666 2356 824 2435 probandi
834 2354 1082 2434 difficultosfieit:
1097 2337 1152 2438 aad¹
1179 2351 1182 2504 4

105 2449 334 2519 --33snperest,
357 2441 418 2500 arisi
439 2446 472 2500 nt
490 2440 722 2518 praevaricatio
739 2439 855 2518 suerit?
898 2438 930 2497 si
950 2439 1043 2498 omnia
1063 2426 1152 2492 emolat

100 2562 101 2565 κ
135 2519 139 2522 ’
175 2540 233 2582 non
253 2531 399 2601 poteram,
425 2531 520 2582 tamen
546 2523 628 2600 plura
654 2520 821 2582 amolieltar.
865 2519 1022 2583 Hominem
1041 2515 1152 2579 ooor'satt

176 2626 243 2669 esse
258 2613 393 2676 amasim,-
413 2625 472 2667 non
488 2606 520 2667 in
542 2607 721 2682 solitudine,
741 2613 811 2666 uta
831 2606 1001 2667 latronibus
1014 2599 1152 2678 ulmeam
1181 2623 1182 2644 i

175 2710 235 2752 non
250 2692 392 2769 praedae
412 2692 533 2768 pratia,
557 2692 630 2768 quio
644 2690 826 2767 inspoliatus
849 2697 913 2756 est,·
936 2708 997 2750 nou
1017 2679 1154 2768 heredita-

176 2776 215 2835 tis
234 2793 306 2853 spe,
332 2775 405 2851 quia
423 2793 547 2853 pauper
565 2774 639 2852 fuit:
668 2773 771 2833 odium
790 2773 886 2850 ipitur
910 2773 943 2832 in
965 2785 1075 2840 eausa,
1099 2772 1152 2822 cun
1181 2787 1182 2790 ¹

134 2858 220 2920 slsis
233 2859 382 2919 inimicus.
412 2856 494 2929 Quae
510 2875 558 2916 res
570 2866 665 2917 autem
680 2855 841 2915 faciliorem
856 2855 988 2914 divisioni
1002 2855 1072 2912 viam
1086 2856 1151 2924 prat·

90 2965 92 2968 ·
177 2949 248 3016 stat,
268 2940 370 3000 eadem
385 2941 542 3000 inventioni
558 2957 690 3019 quoque:
711 2948 867 3014 excutere,
884 2937 1019 3018 quidquid
1035 2933 1086 2995 dici
1102 2928 1152 3005 pol·

179 3028 241 3099 eit,
267 3032 295 3082 et
313 3023 394 3082 velut
416 3024 575 3085 reiectione
598 3023 675 3082 iacta
696 3021 731 3082 ad
750 3023 887 3101 optimum
904 3021 1063 3098 pervenire.
1094 3003 1151 3070 tlt·
1181 3094 1182 3108 χ

178 3116 304 3169 ansatur
319 3105 406 3181 Milo,
431 3109 512 3184 quod
528 3105 667 3167 Clodium
683 3106 840 3168 cemeterii.
884 3105 942 3164 Aut
957 3105 1024 3162 feeit
1040 3105 1083 3158 aut
1098 3103 1150 3189 poa.
1181 3119 1182 3192 }

178 3189 321 3269 Optimum
337 3199 398 3250 erat
413 3208 537 3266 negare;
558 3188 680 3248 sednon
695 3197 810 3266 potest:
833 3188 939 3247 occidit
957 3202 1025 3263 ergo
1048 3186 1090 3240 aut
1102 3183 1151 3232 mre

179 3282 226 3333 aut
241 3275 350 3333 iniuria.
394 3272 500 3350 Utique
516 3274 593 3332 iure:
617 3280 665 3332 aut
679 3272 827 3332 voluntate
842 3280 890 3332 aut
902 3269 1084 3330 necessitate;
1100 3265 1149 3314 ssim

135 3357 337 3433 ioignorantia
358 3355 507 3434 praetendi
529 3373 587 3414 non
604 3365 712 3434 potest.
756 3354 897 3414 Voluntas
911 3369 1017 3431 anceps
1035 3353 1089 3417 est,
1108 3329 1149 3395 led

179 3441 245 3518 quia
265 3441 303 3499 ita
325 3439 456 3499 homines
474 3448 590 3518 putant:
614 3438 779 3516 attingenda
796 3437 946 3515 defensio,
966 3444 996 3495 at
1014 3432 1041 3492 id
1060 3439 1106 3506 pt⁰
1122 3429 1149 3475 ¹⁰
1181 3511 1182 3526 ξ
