2444 3972
298 191 713 262 susu.onauoa.nro.r,s.
962 186 1003 247 27

33 360 109 420 tero,
125 363 188 424 quae
208 357 270 408 sunt
292 346 424 423 syllabae
443 351 540 423 unius,
566 359 649 409 erunt
672 359 757 412 acuta
779 361 827 413 aut
848 351 1003 428 dexapne

47 428 160 507 italique
175 449 231 491 vox
248 435 311 492 sine
330 441 423 492 acuta.
459 431 496 491 Et
513 431 563 493 illa
578 451 635 511 per
654 451 743 494 sonos
763 436 906 513 accidunt,
926 448 1045 515 quaeat

46 511 194 576 lenumtrari
209 518 318 595 scripto
332 533 391 574 non
406 525 542 594 possunt,
562 519 631 578 vitia
646 522 705 578 oris
721 528 750 579 et
764 519 896 598 linguae:
919 520 1002 582 iuco-

42 588 133 674 sapia
143 607 169 658 et
179 591 424 680 λαμβδακισμούς,
440 594 608 678 ἰσχνότητας
620 611 649 662 et
661 596 874 682 πλατειασμοῦς
887 603 1002 665 felicio·

30 671 75 738 'res
84 680 205 758 tingendis
217 683 377 744 nominibus
385 681 490 744 Graeci
501 694 617 761 vocant,
630 688 705 746 siout
715 689 927 767 κοιλοστομίαν,
939 707 1002 750 cnm
1076 724 1078 732 s

41 769 161 843 prquam
174 769 200 827 in
214 787 335 828 recessu
351 769 409 827 oris
425 767 547 827 auditur.
577 770 649 829 Sunt
664 772 749 832 etiam
764 774 874 850 proprii
890 773 1045 851 quidamtss

42 855 60 904 et
71 850 253 914 inenarrabiles
267 854 347 928 soni,
363 851 467 931 quibus
479 869 680 932 nonnunquam
694 857 827 915 nationes
840 856 1002 934 depreben-

40 928 113 990 dlnns.
138 933 261 998 Remotis
278 938 365 1013 igitur
385 935 531 1011 omnibus,
553 938 590 996 de
607 938 711 1016 quibus
728 939 905 1018 supradixi,
925 941 1003 1000 vitiis

40 1016 136 1094 critilla,
151 1037 221 1098 quac
235 1029 358 1081 vocatur
371 1010 540 1099 ὀρθοέπεια,
556 1020 585 1081 id
602 1030 647 1082 est
663 1023 813 1084 emendata
830 1040 894 1084 cum
908 1025 1002 1084 suavi·

41 1101 79 1157 tate
92 1118 181 1163 vocum
196 1105 377 1183 explanatio;
399 1122 463 1163 narn
478 1106 522 1164 sic
538 1107 632 1184 accipi
648 1115 747 1184 potest
762 1117 853 1168 recta.

98 1182 191 1247 Getera
209 1190 279 1248 vitia
302 1190 395 1248 omnia
420 1206 457 1247 ex
481 1188 611 1266 pluribus
633 1191 756 1251 vocibus
781 1200 861 1266 snut,
882 1199 1046 1271 quorumsst

39 1273 69 1324 eo
80 1269 329 1348 soloecismus,
350 1289 511 1350 quanquam
529 1275 607 1335 circa
624 1274 682 1334 boc
698 1292 815 1354 quoque
831 1274 1004 1354 disputatum

27 1357 75 1416 test.
102 1351 164 1415 Nam
185 1358 273 1418 etiarn
294 1358 342 1435 qui
362 1355 517 1434 complexu
536 1359 675 1418 orationis
694 1361 831 1420 accidere
851 1378 915 1419 eum
934 1375 1002 1418 con·

39 1430 133 1514 llantur,
152 1444 215 1518 quia
233 1451 330 1502 tamen
350 1443 433 1500 unius
451 1441 651 1502 emendatione
668 1443 751 1503 verbi
772 1445 880 1521 corrigi
897 1445 1002 1522 possit,

38 1515 138 1582 inaerbo
152 1542 218 1585 esse
237 1526 338 1584 vitium
356 1527 457 1584 nonin
473 1542 608 1585 sermone
628 1527 817 1595 contendunt:
842 1545 916 1602 cum,
939 1529 1045 1589 sivetu

26 1617 132 1667 tmmroc
151 1609 277 1671 corticis
298 1627 351 1668 sen
367 1609 468 1670 medio
489 1611 603 1671 cortice
624 1628 679 1689 per
698 1629 791 1689 genus
812 1611 882 1671 lacit
904 1611 1002 1670 soloe·

25 1675 122 1764 iciunum
133 1691 270 1770 (qnorum
283 1701 415 1753 neutrum
429 1691 544 1770 quidem
557 1694 754 1772 reprehendo,
768 1713 833 1755 cum
847 1696 884 1754 sit
898 1696 1002 1754 utrius·

25 1775 79 1841 tque
92 1770 224 1852 Vergilius
252 1785 369 1844 anoton
398 1776 451 1835 scd
477 1775 616 1853 tingamus
644 1777 810 1839 utrumlibet
836 1795 894 1837 non
920 1786 1003 1837 recte
1064 1839 1066 1846 ,

37 1847 124 1936 dictum)
142 1862 261 1921 mutatio
286 1861 367 1919 vocis
385 1859 521 1934 alterius,
545 1861 573 1919 in
594 1879 651 1940 qua
672 1863 771 1921 vitium
791 1871 871 1937 erat,
893 1871 1004 1921 rectam

37 1928 137 2014 loquendi
156 1947 301 2005 rationem
322 1945 359 2003 sit
379 1943 541 2017 redditura,
562 1953 593 2004 ut
612 1947 716 2007 amori
739 1947 864 2008 corticis
883 1945 932 2005 liat
954 1945 1004 2006 vel

42 2058 43 2067 κ
71 2025 108 2082 io
124 2031 245 2091 cortice.
293 2026 378 2101 Quod
399 2029 569 2087 manifestae
592 2029 752 2090 calumniae
777 2038 836 2098 est;
870 2038 1002 2089 neutrum

42 2124 80 2157 ³³·
104 2111 230 2172 uitiosum
251 2121 298 2172 est
324 2121 505 2189 separatum,
531 2112 584 2172 sed
610 2115 823 2193 compositione
850 2117 1001 2192 peccatur,

27 2254 28 2257 Ἴ
51 2205 84 2246 ae
98 2194 146 2254 iam
163 2197 314 2258 sermonis
329 2204 384 2255 est.
414 2193 488 2255 lllud
504 2196 643 2257 eruditius
662 2199 827 2276 quaeritur,
848 2215 885 2257 an
899 2199 928 2255 in
945 2197 1045 2265 sin-36

31 2294 54 2335 ..¹
69 2273 86 2330 ’t
107 2295 216 2358 quoquo
238 2279 339 2340 verbis
363 2281 457 2358 possit
479 2279 543 2340 lieri
569 2279 780 2355 soloecismus,
806 2282 848 2341 uti
869 2282 894 2339 si
917 2297 1003 2338 unum

95 2361 125 2420 ad
144 2381 176 2422 se
197 2382 311 2424 vocans
339 2363 416 2424 dicat
436 2367 550 2440 uenite,
577 2372 626 2424 ant
647 2365 672 2424 si
694 2363 794 2442 plures
816 2382 832 2424 a
858 2381 891 2424 se
908 2359 1002 2424 'dimit-

58 2463 73 2487 ι·
89 2445 121 2503 ita
137 2447 274 2526 loquatur
290 2449 344 2509 obi
359 2456 407 2507 aut
425 2449 560 2509 discede.
594 2446 658 2508 Nec
677 2465 734 2508 non
750 2467 814 2508 oum
830 2465 1004 2527 responsum

29 2546 51 2569 o
73 2526 261 2608 interrogante
290 2529 452 2607 dissentit,
468 2540 499 2590 ut
525 2533 549 2591 si
574 2531 680 2592 dicenti
705 2530 800 2606 Quem
822 2533 935 2593 video?
964 2532 1003 2590 ita

32 2617 137 2672 mennas
155 2614 234 2694 Epo.
268 2613 301 2674 ln
322 2623 408 2693 gestu
430 2617 519 2675 etiam
537 2614 666 2675 nonnulli
686 2625 787 2695 putant
807 2616 883 2676 idern
904 2614 1003 2674 vitium

136 2717 198 2759 cnm
222 2698 301 2760 aliud
322 2715 397 2758 voce
415 2698 493 2760 aliud
515 2708 583 2759 nutu
605 2700 656 2759 vel
677 2719 760 2760 manu
779 2700 1001 2760 demonstratur.

29 2774 80 2871 {tate
96 2784 221 2857 opinioni
244 2800 341 2860 neque
366 2784 481 2843 omnino
500 2783 610 2843 accedo
633 2802 728 2863 neque
747 2784 834 2862 plane
852 2783 1046 2856 dissentio.37

64 2884 74 2911 o
90 2862 114 2923 id
129 2866 225 2928 fateor
241 2865 378 2927 accidere
395 2884 471 2927 voce
492 2884 547 2928 una
566 2885 624 2927 non
643 2877 738 2929 tamen
752 2867 853 2943 aliter,
876 2884 961 2946 quam
978 2867 1004 2924 si

28 2956 41 3031 j*
67 2943 176 3025 aliquid,
198 2951 280 3030 quod
297 2951 354 3009 rim
376 2951 495 3011 alterius
517 2954 600 3012 vocis
623 2952 766 3027 obtineat,
790 2953 825 3012 ad
848 2951 926 3029 quod
944 2967 1005 3010 uox

28 3019 64 3082 »b
78 3030 227 3111 referatur,
248 3043 280 3094 ut
297 3034 490 3094 soloecismus
508 3053 546 3095 ex
562 3034 717 3114 complexu
736 3037 785 3096 liat
804 3052 921 3110 eorum,
942 3035 1003 3114 qui·

46 3134 62 3159 a
110 3134 117 3173 s
131 3119 330 3196 significantur
345 3127 374 3178 ct
387 3118 521 3181 voluntas
537 3120 707 3179 ostenditur.
736 3119 833 3199 Atque
846 3112 876 3179 rit
892 3134 1046 3188 omnemag

46 3202 74 3269 lu
102 3217 134 3259 arn
149 3203 379 3278 cavillationem,
401 3205 438 3264 sit
457 3202 611 3282 aliqnando
629 3205 728 3264 inuno
746 3203 839 3264 verbo
860 3217 1003 3280 nunquam
1024 3219 1027 3228 ·

63 3295 74 3335 t
105 3300 118 3341 o
143 3285 247 3346 verbo.
293 3285 349 3346 Per
373 3295 444 3366 qnot
465 3297 561 3347 autem
585 3295 615 3345 et
637 3304 708 3365 quas
735 3288 849 3349 accidat
874 3287 1002 3366 species,

105 3369 146 3426 rtis
168 3371 316 3430 convenit.
357 3369 414 3446 Qui
435 3371 630 3449 plenissime,
645 3372 881 3450 quadripertitam
901 3368 1004 3429 volunt
1089 3386 1090 3390 ’
1175 3365 1191 3479 p

121 3453 226 3515 ''onem
245 3471 300 3514 nec
320 3453 403 3515 aliam
420 3472 504 3533 quam
518 3453 703 3532 barbarismi,
724 3463 756 3514 nt
774 3455 822 3514 liat
839 3452 1004 3514 adiectione
