2436 3956
191 225 232 288 78
505 237 540 284 Μ.
553 235 631 282 use.
645 235 866 295 Qumrrnrnur

1201 349 1204 360 ι

190 393 287 472 gladio
307 393 442 490 [er-meu,
467 392 505 450 itu
528 406 585 448 non
607 406 660 468 pro
682 405 758 466 equo
779 343 1022 467 quadrupedem.
1065 371 1205 630 Nesimi

190 485 284 536 autern
306 477 333 534 in
356 473 466 534 orando
486 472 594 533 valebit
620 488 801 531 numerorum
822 471 874 530 ills
892 471 1024 537 libertas
1066 473 1142 536 Nam

190 559 220 619 l
212 560 284 618 uvius
300 575 390 636 saepe
408 559 451 616 sio
466 556 550 616 dicit:
569 555 723 615 &munus
739 555 856 633 proelio
871 557 984 632 uictor,
1004 573 1069 615 ourn
1088 557 1165 619 Rom

190 659 243 701 nos
260 643 368 701 vicisse
391 639 547 717 significum
574 648 603 697 et
624 647 724 698 contra
741 636 846 699 Cicero
861 637 897 697 ed
912 638 1046 714 Brutum,
1064 639 1205 721 Populop

91 769 96 776 .
190 727 295 804 inquit,
318 725 514 803 imposuimus
528 732 556 785 et
571 730 713 783 oratores
726 724 784 781 uisi
797 739 918 799 sumus,
942 740 1006 782 eum
1027 724 1065 783 de
1084 743 1119 784 se
1136 735 1205 788 tun-1

147 818 246 873 ultum
263 809 440 885 loqueretur.
477 805 560 879 Quod
576 822 667 882 genus
682 820 739 863 non
756 806 902 864 orationes
917 806 1003 865 modo
1022 818 1120 882 ornat
1144 811 1197 871 sed

191 895 275 952 etiam
298 890 433 952 cotidiani
458 889 598 948 sermonis
619 905 688 947 usus
707 887 821 965 recipit
864 887 984 961 Quidam
1009 885 1198 972 συνεκδοχὴν

189 983 295 1036 vocant
312 982 357 1050 et,
375 990 438 1033 onrn
453 973 506 1032 id
497 990 524 1030 m
538 979 675 1031 contextu
691 971 847 1045 sermonis,
866 970 942 1048 quod
958 981 1091 1049 tacetur,
1117 979 1195 1035 eooi-

188 1060 297 1138 pimus;
323 1056 443 1116 verbum
460 1056 533 1114 enirn
552 1072 588 1114 ex
603 1053 700 1112 verbis
716 1053 856 1129 intelligi,
877 1055 953 1131 qnod
972 1056 1050 1114 inter
1064 1059 1137 1117 vitis
1154 1058 1195 1119 el·

189 1141 298 1219 lipsis
317 1148 453 1199 vocatur:

453 1219 596 1284 Arcades
617 1223 661 1282 od
680 1229 787 1300 portos
809 1240 908 1281 enuere

147 1306 255 1372 rullus
279 1306 351 1366 haue
379 1307 498 1383 liguram
521 1323 588 1364 esse
614 1307 704 1382 magis
726 1303 839 1382 placen
862 1303 921 1362 illio
945 1321 1019 1381 ergo
1041 1306 1194 1368 reddetur.

190 1390 275 1450 Aliud
292 1392 376 1449 etiarn
393 1390 561 1464 intelligitur
578 1407 615 1446 ex
632 1389 707 1448 olio:

273 1470 402 1552 Aspice,
425 1481 536 1532 uro'ro
553 1474 623 1549 iupo
644 1472 782 1550 referunt
802 1489 952 1549 suspeuso
972 1473 1110 1547 iuuenci,

189 1555 264 1615 unde
287 1565 408 1633 apparet
428 1563 542 1613 noctem
565 1556 808 1633 appropinquare.
854 1553 885 1614 ld
908 1555 1009 1614 neseio
1026 1573 1061 1612 su
1083 1558 1194 1616 oratori

190 1640 343 1698 conveniat
361 1639 415 1696 nisi
438 1638 465 1696 in
489 1637 731 1713 argumentando,
752 1656 815 1698 eum
838 1639 880 1696 rei
898 1639 1009 1714 signum
1031 1647 1087 1696 est.
1136 1640 1193 1701 sel

190 1722 246 1781 boo
264 1721 300 1781 ab
322 1721 495 1781 elocutionis
513 1723 624 1780 ratione
644 1722 739 1780 distat.

146 1815 182 1870 23
221 1843 224 1850 ι
273 1805 336 1865 Neo
353 1804 455 1883 procul
471 1805 507 1864 ab
523 1803 580 1865 hou
595 1823 705 1882 genere
723 1805 1074 1881 disoeditpsrouvul
1055 1824 1193 1885 u,qnse

191 1899 235 1954 est
251 1891 371 1948 nominis
388 1890 570 1966 pronomine
587 1890 703 1966 positio.
739 1886 826 1948 Cuius
838 1891 882 1948 vis
895 1897 955 1959 est,
972 1905 1026 1966 pro
1043 1905 1098 1966 eo,
1117 1889 1211 1974 quod

190 1973 311 2048 dieitur,
334 1989 465 2046 oausam,
474 1981 610 2070 propter
625 1988 709 2048 quum
724 1971 845 2048 drutus,
865 1987 988 2050 ponero;
1013 1971 1084 2048 sed,
1108 1982 1141 2032 nt
1157 1975 1211 2033 ult*

190 2052 296 2114 Cicero
304 2017 506 2133 ,υπαλλαγὴν
530 2054 662 2113 rhetores
684 2051 794 2113 dieunt.
835 2055 915 2114 Haeo
937 2057 1068 2114 inventes
1091 2057 1161 2116 ab'
1152 2075 1191 2116 rn-

188 2147 310 2198 ventose
335 2147 363 2197 et
381 2137 526 2196 sublectos
542 2155 590 2196 res
608 2137 644 2196 ob
663 2136 857 2198 obtinentibus
873 2139 1030 2216 signifieat:
1053 2148 1083 2200 nt
1102 2139 1191 2201 Cere·

188 2239 254 2282 rem
270 2229 446 2299 corruptum
458 2221 565 2296 uudis,
588 2230 617 2280 et

797 2317 996 2384 -receptus

319 2387 417 2448 Turro
436 2387 595 2466 Neptunus
617 2390 734 2449 classes
748 2384 947 2466 Aquilonibus
967 2399 1064 2452 arcet.

146 2481 180 2533 ut
188 2470 273 2544 Quod
295 2470 325 2529 lit
347 2479 505 2529 retrorsum
527 2470 635 2530 durius,
672 2470 774 2531 Refert
798 2479 909 2548 autem,
937 2475 1122 2550 inquantum
1144 2471 1190 2532 bio

189 2562 289 2631 tropus
301 2562 446 2612 oratorem
459 2562 607 2631 sequatur.
639 2555 711 2614 Num
722 2563 752 2613 ut
768 2553 936 2617 Vulcanum
951 2573 1005 2634 pro
1021 2559 1087 2633 igne
1100 2556 1190 2633 vulgo

189 2638 333 2712 audimus,
358 2646 386 2696 et
411 2639 499 2699 oorio
514 2634 615 2699 Morte
630 2647 797 2717 pupuotum
817 2639 945 2698 eruditus
965 2648 1011 2699 est
1026 2655 1140 2715 sermo,
1164 2646 1192 2698 et

196 2717 338 2782 Venerem
356 2738 439 2799 qnam
456 2721 561 2781 coiturn
582 2721 692 2781 dixisse
710 2723 802 2798 magis
823 2723 924 2783 decet:
950 2720 990 2782 its
1004 2721 1148 2785 Liberum
1164 2729 1192 2781 et

190 2801 330 2866 Cererem
347 2821 400 2882 pro
418 2805 485 2863 vino
502 2813 531 2863 et
553 2822 627 2881 pene
650 2805 801 2880 licentius,
823 2823 906 2883 quum
924 2815 954 2864 ut
971 2806 1028 2865 lori
1049 2808 1190 2866 severitus

189 2883 273 2946 ferat.
317 2887 397 2947 Siout
412 2904 449 2946 ex
465 2904 519 2964 eo,
541 2889 618 2966 quod
635 2889 811 2963 continetur,
830 2907 899 2948 usus
915 2889 1020 2968 recipit
1038 2891 1115 2952 berte
1130 2907 1190 2950 mo·

147 2978 276 3038 puratos
291 2971 385 3030 urbes
405 2979 434 3029 et
453 2974 596 3049 poculum
616 2979 735 3069 epotum
752 2980 781 3030 et
800 2973 954 3033 soeculum
967 2973 1055 3051 [elio.
1100 2972 1139 3032 At
1153 2969 1189 3047 id,

191 3052 268 3131 quod
286 3062 463 3129 sonorem,
483 3070 549 3114 raro
569 3053 673 3114 audeat
688 3056 767 3132 quis,
784 3056 837 3113 nisi
853 3064 957 3134 poeta·

391 3171 434 3183 —-
452 3139 513 3199 ium
526 3140 686 3216 proximus
701 3139 792 3199 ordet
811 3137 974 3218 Ucalepou.

190 3212 254 3280 nui
269 3220 344 3280 lorte
359 3221 417 3281 hoo
432 3221 528 3299 potius
544 3228 605 3295 est,
626 3238 642 3279 o
658 3236 849 3298 possessore,
866 3221 943 3303 quod
960 3222 1143 3301 possidetur.
1161 3228 1190 3280 ut

191 3305 337 3364 borniuem
362 3305 524 3378 devoram,
553 3303 633 3364 ouius
659 3305 857 3382 patrimonium
887 3315 1079 3365 consumetur.
1126 3305 1188 3378 Quo

149 3386 276 3449 romono
294 3385 376 3446 llnnt
384 3386 606 3446 innumerabiles
621 3389 749 3466 species
788 3387 877 3447 lluius
893 3389 967 3447 enlm
982 3397 1046 3448 sunt
1071 3392 1186 3468 generis.

192 3487 256 3527 cunr
273 3467 309 3528 ab
325 3467 483 3530 Hannibale
502 3489 596 3533 eoeso
616 3473 703 3548 opud
720 3468 845 3534 Comuos
867 3473 1030 3554 seuooiuto
1044 3472 1127 3532 milio
1148 3472 1185 3529 dt·
