2470 3962
179 231 241 295 220
494 243 531 290 u.
547 241 626 290 uss.
645 240 873 302 consummm-

179 399 236 460 lnm
255 414 432 476 componere
449 395 591 456 actionem
609 393 738 462 solebat;
760 395 852 470 adeo,
872 395 1002 472 momnis
1018 395 1118 472 fulgor
1135 397 1186 456 ille

130 491 133 496 '
180 483 311 542 sinistras
327 480 469 557 imagines
483 477 602 554 reddat,
625 473 690 537 suis
701 477 814 537 demum
830 476 924 538 oculis
941 477 1082 552 credidit,
1109 481 1184 556 qnod

180 564 324 625 efficeret.
356 563 547 640 Praecipuum
561 577 633 620 vero
656 561 684 619 in
701 561 817 620 actlono
834 561 908 620 sicut
929 562 957 620 in
973 578 1104 639 corpore
1120 566 1184 640 ipso

180 656 290 726 caput
312 655 358 706 est
379 663 441 706 cum
459 645 495 705 ad
512 644 609 719 illum,
634 643 671 704 de
688 660 746 721 quo
763 643 838 720 dixi,
861 643 1001 704 decorem
1023 653 1084 704 tum
1101 648 1184 706 etiam

136 730 171 786 69
179 730 216 791 ad
232 730 480 807 significationem.
513 725 639 787 Decoris
654 725 704 786 illa
720 736 800 801 sunt,
818 736 848 786 ut
864 727 899 786 sit
917 728 1010 805 primo
1027 736 1142 788 rectum
1158 739 1185 788 et

181 815 338 874 secundum
360 821 499 872 naturam.
529 808 602 870 Nam
625 819 654 869 et
676 809 792 870 deiecto
807 809 951 870 humilitas
967 819 996 869 et
1019 813 1127 889 supino
1143 831 1185 871 ar·
1224 813 1225 886 ζ

180 898 312 974 rogantia
328 905 357 955 et
373 897 401 954 in
419 895 495 954 latus
512 893 648 952 inclinato
664 892 788 970 languor
803 902 832 952 ot
848 895 992 971 praeduro
1017 911 1054 954 ao
1070 896 1186 972 rigente
1224 893 1225 896 ’

181 978 314 1039 barbaria
333 977 474 1056 quaedam
491 977 594 1036 mentis
610 976 778 1036 ostenditur.
815 974 886 1036 Tum
904 977 1029 1054 accipiat
1045 987 1134 1055 aptos
1150 997 1185 1038 ex

181 1064 246 1140 ipso
265 1078 400 1121 sermone
418 1069 529 1135 motus,
552 1067 581 1117 ut
598 1077 661 1119 cum
675 1067 761 1136 gestu
778 1061 938 1121 concordet
954 1069 983 1122 et
1001 1060 1137 1122 manibus
1152 1081 1186 1122 ac

130 1145 322 1205 dololoribus
338 1143 525 1221 obsequatur.
555 1142 704 1220 Aspectus
720 1144 793 1201 enim
810 1160 927 1222 semper
942 1142 1049 1202 eodem
1066 1147 1186 1204 vertitur

181 1245 237 1306 quo
259 1237 375 1305 gestus,
403 1227 537 1304 exceptis
560 1243 634 1304 quae
658 1235 704 1286 aut
722 1226 856 1286 damnare
875 1236 996 1286 autnon
1018 1229 1185 1308 concedere

181 1320 227 1370 out
243 1329 258 1371 a
275 1311 360 1374 nolris
375 1327 529 1370 removere
546 1308 704 1387 oportebit,
722 1319 749 1369 ut
767 1309 842 1369 idern
858 1310 927 1370 illud
941 1309 1020 1370 vultu
1036 1312 1184 1370 videamur

180 1396 327 1469 aversari,
344 1411 427 1453 manu
444 1391 609 1469 repellere:
928 1417 931 1426 ·

308 1511 349 1522 —-
363 1476 416 1537 Dii
434 1477 523 1537 talem
538 1478 668 1537 avertite
681 1483 805 1554 perlem.

307 1593 349 1602 -
363 1557 458 1619 Haud
472 1559 612 1637 equidem
627 1561 682 1620 toli
696 1579 743 1620 me
759 1561 869 1638 dignor
883 1561 1005 1621 donoro.

138 1642 330 1721 llSigullioot
350 1658 422 1701 vero
445 1640 575 1720 plurimis
592 1641 694 1701 modis.
731 1641 803 1704 Nam
820 1653 938 1722 praeter
953 1645 1116 1718 annuendi,
1139 1663 1180 1702 re·

179 1726 284 1786 nuendi
306 1724 551 1803 confirmandique
573 1734 665 1785 motus
691 1736 754 1785 sunt
778 1735 808 1786 et
827 1727 1023 1787 verecundiae
1050 1737 1080 1786 et
1103 1727 1180 1786 dnbi-

179 1810 295 1871 tationis
323 1819 352 1870 et
378 1809 572 1870 admirationis
600 1818 629 1868 et
656 1806 858 1886 indignationis
880 1811 939 1868 noti
965 1818 994 1868 et
1016 1826 1179 1869 communes

181 1891 322 1953 omnibus.
346 1893 418 1953 Solo
431 1902 526 1953 tamen
539 1909 575 1951 eo
589 1891 689 1952 iacere
701 1901 814 1968 gestum
827 1893 937 1952 scenici
951 1911 1069 1972 quoque
1082 1893 1179 1953 docto·

75 2039 90 2048 κ
179 1996 228 2037 res
239 1978 375 2036 viti-osum
387 1983 569 2055 putaverunt.
600 1973 694 2034 Etiam
706 1975 845 2054 frequens
862 1977 922 2036 eius
935 1984 1019 2035 nutus
1032 1994 1089 2036 non
1102 1985 1178 2035 caret

179 2061 265 2126 vitio;
294 2059 369 2120 adeo
391 2060 500 2120 iactare
523 2058 550 2117 id
572 2066 601 2117 et
623 2075 720 2118 comas
742 2060 935 2120 excutientem
958 2069 1056 2119 rotare
1082 2059 1178 2118 lanati-

181 2160 243 2203 oum
260 2152 314 2202 est.
1034 2196 1039 2199 ,

137 2229 171 2286 ta
261 2225 536 2286 Domiuaturautem
554 2225 822 2285 manimevultus.
853 2225 1101 2304 Hoosupplices,
1124 2234 1179 2284 troo

178 2309 321 2384 minaces,
347 2309 404 2369 lroc
421 2308 537 2386 blandi,
559 2307 615 2368 lroc
630 2309 746 2384 tristes,
768 2309 825 2369 lroc
846 2308 971 2384 hilares,
995 2309 1052 2369 hoc
1076 2309 1177 2382 erecti,

178 2391 235 2450 hoc
251 2393 390 2451 summissi
408 2409 521 2460 sumns;
544 2391 602 2452 hoo
618 2391 745 2470 pendent
759 2391 908 2469 homiues,
931 2392 1007 2452 huuc
1025 2393 1178 2464 intuentur,

179 2474 254 2534 hunc
270 2483 418 2552 spectant,
441 2475 526 2535 etiam
541 2482 693 2553 antequam
709 2474 844 2544 dicimus:
866 2475 923 2536 lroc
945 2477 1087 2554 quosdam
1105 2493 1178 2534 ama-

179 2575 258 2634 mus,
283 2557 340 2618 hoc
355 2555 484 2634 odimus,
511 2557 569 2618 hoc
586 2557 707 2636 plurima
731 2558 934 2637 intelligimus,
961 2560 1007 2619 hic
1028 2568 1074 2618 est
1089 2574 1178 2636 saepe

74 2716 76 2725 Ι
136 2640 378 2720 Ἰδρτοοιηηίὴυε
396 2640 506 2701 verbis.
537 2638 637 2720 ltaque
654 2642 748 2717 iniis,
774 2660 849 2722 quae
867 2643 903 2703 ad
926 2660 1044 2702 scenam
1061 2658 1177 2720 compo·
1224 2669 1225 2678 κ

178 2732 296 2800 nontur,
317 2723 422 2784 fabulis
444 2725 572 2785 artilloes
591 2726 792 2803 pronuntiandi
816 2744 832 2786 a
849 2726 983 2804 personis
999 2742 1115 2804 quoque
1139 2725 1178 2784 ai·

178 2807 272 2866 iectus
297 2815 470 2869 mutuantur:
496 2817 527 2869 ut
548 2808 584 2868 sit
598 2807 719 2886 Aeropo
740 2809 768 2867 in
789 2807 940 2885 tragoedia
962 2809 1067 2884 tristis,
1095 2818 1178 2868 atrox

136 2887 300 2966 illledea,
324 2892 459 2951 attonitus
474 2891 565 2968 Aiax,
590 2890 768 2951 truculentus
783 2890 936 2951 Hercules.
966 2890 999 2951 lu
1016 2891 1178 2952 comoediis

175 2989 251 3032 ¹varo
269 2983 387 3052 praeter
401 2972 485 3035 aliam
501 2974 752 3049 observationem,
774 2992 830 3053 qua
848 2976 944 3049 servi,
966 2974 1106 3049 lenones,
1131 2992 1177 3052 pa·

178 3057 279 3131 rasiti,
295 3057 411 3133 rustici,
427 3055 550 3133 milites,
566 3056 786 3132 meretriculae,
809 3058 950 3133 ancillae,
968 3076 1055 3118 senes
1070 3058 1177 3119 austeri

179 3158 215 3201 ac
238 3140 338 3214 mites,
364 3139 485 3199 iuvenes
508 3140 604 3200 severi
625 3158 660 3202 ao
681 3141 839 3219 luxuriosi,
866 3150 1030 3217 matronae,
1061 3142 1178 3220 puellae

178 3223 254 3283 inter
274 3241 308 3282 se
330 3222 547 3299 discernuntur,
576 3231 661 3303 pater
681 3223 750 3300 ille,
778 3227 859 3287 ouius
883 3226 1058 3306 praecipuae
1078 3233 1177 3304 partes

178 3313 254 3380 sunt,
272 3305 338 3384 quia
355 3307 466 3366 interim
483 3308 654 3383 concitatus,
672 3309 784 3370 iuterim
800 3308 876 3374 lenis
891 3318 947 3386 est,
963 3309 1057 3370 altero
1074 3317 1177 3368 erecto

178 3387 272 3448 altero
290 3391 452 3467 composito
469 3399 513 3450 est
529 3391 703 3471 supercilio;
727 3401 814 3470 atquo
835 3391 865 3452 id
879 3392 1176 3453 ostendere-maximo

175 3468 253 3529 latus
272 3471 418 3532 actoribus
439 3475 528 3534 moris
546 3483 608 3552 est,
633 3475 710 3554 qaod
727 3493 790 3536 cum
807 3477 858 3554 iis,
882 3494 954 3556 quas
968 3484 1065 3554 agunt,
1085 3476 1173 3556 parti·
