2436 3956
300 226 389 308 ausu.
403 259 632 310 curramus.
645 256 760 329 v111po.
994 255 1036 315 57
1146 245 1149 250 ’

51 432 143 490 sensu,
167 414 220 474 alia
235 421 367 490 reperta,
395 431 469 491 quae
491 432 528 472 ex
550 414 594 474 bis
614 413 691 474 lacta
715 425 794 485 sunm
825 425 854 476 ut
875 420 929 477 ianr
950 419 1035 478 nobis

50 513 150 575 ponere
171 497 242 571 alia,
268 514 351 575 quam
372 513 444 573 quae
469 497 512 556 illi
533 497 620 557 rudes
642 497 772 558 homines
793 501 935 578 primique
954 503 1033 562 lece·

49 589 121 655 runt,
145 580 187 638 las
208 581 331 662 nonsit:
358 589 386 638 at
403 579 551 656 derivare,
575 581 714 656 llecterc,
739 585 932 660 coniungere,
956 585 1033 663 quod
1070 563 1077 602 ²

49 665 115 722 natis
138 671 240 742 postea
264 680 434 722 conoessum
457 673 516 738 est,
541 664 654 740 quando
678 665 763 724 desiit
784 663 896 726 licere?
936 667 988 742 Et,
1010 670 1075 730 si3t

50 745 110 824 quid
135 745 323 825 periculosius
350 746 468 805 linxisse
498 746 674 822 videbimur,
702 747 870 825 quibusdam
898 751 1033 810 remediis

48 829 288 906 praemuniendum
310 836 368 888 est:
387 826 425 889 [tt
437 831 609 905 traditam,
626 830 660 890 Sa’
673 831 743 891 ticet
759 832 875 907 dicere,
896 831 1035 905 Quodam

48 915 137 989 modo,
152 913 315 975 Permittite
328 913 401 972 mitt
414 914 460 973 sic
476 915 530 974 atti.
563 912 647 986 Quod
664 914 740 973 idem
751 916 836 974 etiarn
851 917 879 974 in
895 917 941 991 iis,
959 933 1034 994 quae

48 994 171 1056 licentius
187 995 324 1056 translata
339 1004 430 1071 eruut,
447 996 587 1075 proderit,
604 995 731 1075 nihilque
745 1014 803 1056 non
818 1006 879 1057 tuto
896 998 953 1058 dici
970 1008 1034 1076 pot·
1090 1009 1092 1017 ’

49 1088 105 1156 est,
125 1081 152 1140 in
169 1097 225 1158 quo
243 1097 301 1138 non
315 1078 378 1138 falli
394 1080 526 1138 iudicium
544 1088 672 1138 nostrum
688 1080 881 1140 sollicitudine
896 1084 959 1159 ipsa
977 1100 1034 1140 ma·

48 1162 171 1222 niiestum
187 1165 251 1223 crit.
283 1162 346 1236 Qua
360 1163 396 1222 de
412 1181 444 1220 re
463 1161 604 1222 Graecum
627 1162 697 1222 illud
718 1165 962 1240 elegantissimum
978 1175 1033 1238 est,

15 1265 17 1278 ³
49 1262 100 1322 quo
114 1249 289 1324 praecipitur
302 1239 545 1325 apocatastaticus
558 1249 594 1328 τῇ
608 1237 763 1329 ὑπερβολῇ.

125 1329 274 1390 Translata
289 1327 406 1406 probari
417 1329 471 1386 nisi
486 1330 514 1387 in
526 1337 663 1388 contextu
675 1329 816 1390 sermonis
831 1347 889 1389 non
901 1338 1077 1408 possuntdd

48 1409 139 1490 ltaque
162 1414 197 1474 dc
218 1413 341 1489 singulis
362 1410 460 1470 verbis
484 1413 553 1476 satis
576 1411 698 1487 dictum,
724 1431 814 1490 quae,
836 1421 867 1472 ut
891 1413 948 1472 alio
965 1413 1033 1472 loco

49 1496 167 1572 ostendi,
190 1515 245 1575 per
265 1513 298 1554 se
323 1494 429 1554 nullam
451 1494 720 1560 virtutembabent.
767 1495 826 1556 Sed
846 1513 882 1554 ne
904 1497 1035 1556 inornata

49 1587 105 1638 sunt
120 1581 250 1658 quidem,
266 1580 320 1637 nisi
336 1596 399 1636 curn
417 1573 481 1636 su'nt
495 1578 567 1638 infra
579 1579 639 1652 rei,
664 1579 700 1638 de
716 1597 772 1657 qua
787 1579 961 1657 loquendum
978 1589 1033 1654 est,

50 1659 212 1738 (lignitatem,
233 1670 358 1738 excepto
379 1662 403 1718 si
420 1660 547 1720 obscena
569 1660 651 1720 nudis
667 1661 827 1722 nominibus
843 1663 1033 1722 enuntientur.

53 1741 272 1820 occurruerint,
291 1747 338 1821 qui
353 1761 410 1802 non
425 1752 523 1821 putant
541 1761 607 1801 esse
625 1744 750 1820 vitanda,
770 1747 835 1822 quia
851 1764 906 1804 nec
922 1747 959 1804 sit
978 1751 1077 1805 vox39

51 1825 102 1886 ulla
115 1839 210 1889 natura
226 1830 338 1906 turpis,
358 1837 387 1886 et
404 1829 428 1885 si
448 1844 503 1903 qua
520 1827 620 1885 estrei
637 1825 819 1903 deformitas,
841 1829 898 1887 alia
918 1845 1035 1905 quoque

50 1911 233 1988 appellatione
261 1927 429 1988 quacunque
457 1910 491 1968 ad
512 1909 689 1968 intellectum
711 1909 832 1968 eundem
854 1910 1035 1980 nihilominus

15 2065 16 2070 ἵ
48 1995 196 2068 perveniat.
231 1993 299 2071 Ego
315 1992 435 2052 Romani
451 1992 569 2070 pudoris
586 2008 667 2050 moro
683 2001 852 2070 contentus,
873 2002 904 2052 ut
921 1994 976 2052 iam
989 2011 1035 2052 re·

15 2133 16 2136 ,
49 2079 143 2152 spondi
156 2077 273 2152 talibus,
288 2075 491 2135 verecundiam
507 2075 620 2134 silentio
632 2075 794 2136 vindicabo.

125 2159 181 2220 lam
203 2163 270 2222 binc
291 2161 378 2236 igitur
399 2158 435 2218 cd
457 2161 596 2218 rationem
627 2160 812 2217 sermonis
840 2159 1079 2222 coniunctim
1143 2165 1145 2172 '

15 2253 17 2324 ὲ
49 2247 227 2303 transeamus.
271 2240 359 2301 Curius
392 2251 508 2300 ornatus
534 2242 561 2299 in
591 2240 664 2300 baec
691 2241 746 2301 duo
774 2243 865 2319 prima
892 2241 1035 2316 dividitur,

15 2327 16 2340 ³
51 2339 125 2400 quam
142 2327 337 2406 concipiamus
354 2324 563 2398 elocutionem,
590 2341 646 2401 quo
666 2324 752 2384 modo
770 2324 933 2383 efferamus.
963 2322 1035 2382 Nam
1128 2402 1131 2408 1

15 2419 17 2452 ss
49 2408 158 2482 primurn
176 2419 230 2484 est,
248 2417 279 2467 ut
294 2408 413 2486 liqueat,
427 2425 534 2484 augere
547 2407 613 2484 quid
629 2407 750 2467 velimus
763 2425 798 2468 an
810 2410 949 2482 minuere,
967 2423 1035 2465 con·
1124 2453 1133 2478 ,
1152 2463 1154 2470 ,

51 2490 128 2550 citata
149 2493 247 2552 dicere
269 2510 306 2550 an
324 2491 489 2566 moderate,
513 2490 589 2550 laete
610 2509 645 2550 an
663 2509 783 2567 severe,
810 2490 987 2551 abundanter
1001 2508 1037 2550 an

15 2609 17 2642 2
50 2589 159 2650 presse,
183 2593 289 2654 aspere
313 2592 348 2635 an
364 2574 485 2648 leniter,
509 2573 660 2649 magnifice
676 2593 712 2634 au
726 2573 886 2649 subtiliter,
909 2574 1038 2650 graviter
1123 2575 1140 2582 ‘

15 2661 17 2686 ³
51 2658 216 2718 anathene:
247 2658 336 2732 Tum,
363 2673 420 2735 quo
441 2657 634 2717 translationis
650 2674 778 2733 genere,
801 2655 903 2733 quibus
927 2655 1077 2730 liguriat!

51 2739 172 2815 qualibus
188 2743 348 2815 sententiis,
366 2740 535 2818 quomodo,
551 2757 606 2817 qua
621 2749 769 2818 postremo
787 2739 981 2798 collocatione
997 2737 1035 2810 tt,

52 2825 119 2897 quod
133 2825 314 2900 intendimus,
331 2823 450 2884 efficere
465 2824 619 2900 possimus.
692 2828 699 2842 “

127 2905 262 2968 Ceterum
278 2907 415 2984 dicturus,
432 2907 533 2984 quibus
550 2915 668 2965 ornetur
686 2905 788 2981 oratio,
805 2905 884 2984 prius
901 2921 946 2979 ea,
964 2921 1039 2980 quae

52 2997 109 3046 sunt
133 2989 199 3050 buic
230 2991 373 3050 contraria
394 2990 486 3064 laudi,
509 2991 660 3065 attingam
680 3005 745 3047 narn
766 2990 856 3066 prima
879 2989 969 3046 virtus
994 2994 1039 3044 est

51 3071 113 3130 vitio
130 3091 241 3134 carere.
271 3073 361 3150 lgitur
377 3083 442 3132 ante
460 3073 553 3132 omnia
569 3091 605 3131 ne
620 3089 771 3150 speremus
788 3070 1081 3131 ornatam'oratio-sb

52 3169 111 3213 nem
124 3156 198 3234 fore,
209 3175 290 3234 „quae
309 3155 519 3235 probabilis
535 3173 592 3214 non
608 3156 671 3214 erit.
709 3153 864 3214 Probabile
881 3161 974 3212 autem
992 3149 1038 3208 Ci-

53 3251 115 3295 cero
130 3240 159 3298 id
172 3259 265 3317 genus
283 3240 361 3312 dicit,
380 3238 457 3317 quod
472 3255 528 3298 non
543 3238 608 3317 plus
625 3239 754 3297 minusve
770 3247 825 3313 est,
845 3254 928 3315 quarn
942 3235 1037 3294 decet.

52 3315 111 3378 Non
131 3325 196 3400 qnia
219 3324 293 3383 comi
316 3323 499 3402 expolirique
519 3339 577 3381 non
599 3320 718 3390 debeat3
736 3338 801 3380 narn
821 3329 850 3379 et
867 3320 940 3379 baec
956 3334 1039 3376 orna·

53 3406 94 3458 tus
109 3421 174 3480 pars
192 3415 253 3474 est:
275 3406 327 3466 sed
349 3407 414 3484 quia
428 3407 526 3465 vitium
545 3412 590 3464 est
604 3404 727 3482 ubique,
754 3403 831 3482 quod
852 3403 965 3460 nimium
984 3407 1038 3458 est.

54 3477 147 3564 ltaque
162 3490 224 3549 vult
242 3507 309 3550 esse
324 3490 523 3550 auctoritatem
548 3489 576 3547 in
592 3487 708 3564 verbis,
729 3487 886 3546 sententias
907 3483 955 3544 vel
976 3490 1096 3560 gra743'
