2436 3956
489 208 525 255 M.
539 207 617 257 FAB.
632 169 852 266 coniminum

447 430 501 480 ott
535 429 906 481 PERSPICUITATE.
1187 343 1193 396 ⁴

259 525 295 586 il.
327 525 521 604 Perspiouitas
542 527 571 585 in
585 526 683 586 verbis
699 525 885 604 praecipuam
901 523 992 584 babet
1014 527 1167 603 proprie·
1194 514 1195 588 l

176 618 303 686 tatem,
322 610 374 670 sed
389 611 553 689 proprietas
568 611 632 689 ipsa
644 626 701 669 non
716 609 886 688 simpliciter
899 608 1054 686 accipitur.
1073 609 1168 669 Primus
1194 603 1195 640 ³

176 695 252 753 enim
275 692 442 754 intellectus
465 702 510 753 est
531 711 583 754 sua
605 695 744 772 cuiusque
769 693 813 752 rei
836 690 1016 772 appellatio,
1041 709 1103 770 ¹qua
1123 709 1169 751 non

148 792 294 856 asemper
305 786 426 838 utemur.
454 776 526 837 Nam
548 787 577 838 et
594 777 721 837 obscena
737 775 889 836 vitabimus
906 783 936 834 et
949 776 1073 836 ¹sordida
1089 784 1116 836 et
1128 775 1168 835 bu·

178 861 265 922 milia.
296 862 367 921 Sunt
382 870 477 922 autom
488 861 690 934 numiliatntra
706 860 871 937 dignitatem
886 877 982 918 rerum
995 868 1046 919 ant
1064 859 1168 919 ordinis.

178 945 210 1005 In
227 961 284 1024 qno
304 946 374 1004 vitio
391 944 523 1004 cavendo
546 961 604 1004 non
620 944 807 1004 mediocriter
823 960 922 1002 errare
938 943 1060 1022 quidam
1076 942 1169 1014 solent,

179 1029 227 1106 qui
242 1029 350 1103 omnia,
367 1045 441 1106 quae
455 1035 520 1087 sunt
535 1028 642 1105 inusu,
658 1028 768 1088 etiamsi
785 1044 891 1087 causae
902 1028 1071 1087 necessitas
1086 1035 1170 1106 postn-

178 1113 236 1187 let,
265 1110 469 1183 reformident:
487 1113 525 1171 ‘ut
547 1111 616 1188 ille,
641 1112 737 1190 quiin
761 1111 876 1171 actione
894 1108 1042 1172 ibericus
1064 1111 1171 1182 bordas,

178 1213 211 1255 se
234 1195 300 1254 solo
316 1190 507 1275 nequicquam
523 1195 721 1274 intelligente,
744 1193 878 1269 dicebat,
894 1195 948 1254 nisi
968 1194 1097 1254 irridens
1113 1193 1172 1253 banc

177 1281 331 1339 vanitatem
353 1277 471 1339 Cassius
493 1279 621 1340 Severus
642 1286 782 1358 spartum
803 1277 901 1337 dicere
924 1295 991 1337 enm
1012 1278 1095 1338 veile
1117 1273 1172 1335 indi·

148 1371 285 1426 ooasset.
330 1361 394 1422 Nec
420 1362 523 1439 video,
555 1379 644 1441 quare
674 1361 769 1422 clarus
798 1369 897 1420 orator
922 1362 1057 1423 duratos
1088 1358 1171 1420 mario

175 1447 279 1523 pisces
300 1445 415 1504 nitidius
433 1463 500 1504 esse
518 1446 675 1506 crediderit
690 1463 774 1523 quam
791 1446 883 1523 ipsum
898 1444 943 1520 id,
965 1444 1048 1523 quod
1069 1443 1171 1504 vitabat

178 1528 210 1588 ln
227 1527 282 1588 bac
294 1536 387 1587 autem
403 1529 589 1607 proprietatis
602 1529 720 1608 specie,
740 1545 814 1606 quae
826 1528 987 1588 nominibus
1004 1530 1078 1608 ipsis
1094 1528 1170 1586 cuins·

87 1649 106 1682 .
179 1630 235 1689 que
251 1613 294 1670 rei
314 1612 418 1687 utitur,
441 1611 519 1672 nulla
534 1613 626 1672 virtus
642 1621 703 1689 est,
722 1622 766 1687 at,
788 1611 865 1690 quod
880 1606 913 1670 ¹ei
929 1613 1123 1686 contrarium,
1138 1613 1171 1666 est

179 1697 285 1754 vitium.
326 1693 359 1754 ld
380 1694 456 1773 apud
476 1708 530 1754 nos
552 1697 802 1776 improprium,
831 1689 944 1775 ἄκυρον
959 1695 1039 1774 apud
1056 1695 1169 1756 Graecos

151 1786 316 1847 crocatur:
339 1779 425 1856 quale
447 1787 515 1854 est‚-
531 1813 574 1828 -·
595 1813 637 1829 -η
657 1788 772 1841 tontum
792 1796 923 1857 speram
945 1778 1084 1841 dolorem
1091 1801 1104 1848 ,·
1124 1781 1169 1846 aut,

181 1862 258 1942 quod
272 1863 301 1922 in
316 1863 447 1924 oratione
458 1862 632 1924 Dolabellae
649 1862 828 1922 emendatum
845 1880 861 1921 a
878 1860 1025 1922 Cicerone
1042 1856 1169 1928 annotavi,

180 1954 304 2010 mortem
315 1947 420 2025 serres
436 1955 498 2023 aut,
509 1947 610 2025 fqualia
626 1964 702 2006 nuuc
718 1944 868 2005 laudantur
884 1944 1169 2023 aquibusdam,q11⁰·

180 2048 240 2088 rum
256 2038 316 2104 est,
342 2029 381 2091 de
399 2049 492 2092 croco
510 2031 606 2092 verbu
628 2030 815 2090 coeldorum.
849 2028 915 2089 Non
929 2037 1028 2089 tamen
1051 2018 1171 2108 quidquid

180 2130 237 2172 non
253 2113 307 2172 erit
321 2115 486 2191 proprium,
501 2113 632 2191 protinus
647 2122 676 2173 et
690 2112 839 2190 improprii
853 2114 922 2171 vitio
936 2112 1099 2186 laborabit,
1117 2105 1169 2186 quit

181 2198 301 2275 primum
317 2198 440 2256 omnium
461 2197 548 2257 multa
563 2205 627 2256 sunt
648 2205 677 2256 et
692 2195 804 2256 Graece
821 2205 850 2255 et
864 2195 962 2256 Latine
978 2214 1038 2257 uon
1060 2188 1169 2256 denomi-

99 2339 125 2348 ,,
153 2290 256 2350 ιιιιι.
293 2279 366 2340 Nam
393 2290 438 2356 et,
465 2282 513 2358 qui
538 2280 663 2341 iaculum
689 2281 806 2354 emittit,
831 2280 968 2342 ioculari
989 2281 1108 2345 diuitum
1133 2269 1170 2350 qul

181 2364 270 2443 pilum
285 2373 332 2423 aut
346 2362 462 2439 sudem,
485 2363 681 2443 appellatione
696 2364 828 2442 privatim
848 2362 903 2423 sibi
925 2365 1073 2442 assignata
1090 2362 1168 2420 caret:

120 2485 127 2492 -
159 2480 162 2485 -
182 2457 211 2506 et
227 2456 272 2521 ιιι,
290 2447 434 2524 lapidare
450 2446 517 2525 quid
533 2448 583 2522 sit,
601 2449 783 2508 manifestum
798 2455 857 2506 est:
874 2448 913 2506 ita
928 2446 1082 2524 glebarum
1096 2447 1170 2534 tesip-

183 2547 302 2608 rumque
318 2530 409 2588 iactus
425 2546 482 2588 non
503 2528 590 2590 babet
605 2547 718 2591 nomen.
756 2529 838 2590 Unde
863 2529 981 2607 abusio,
1003 2549 1079 2610 quae
1095 2541 1169 2587 κατι·

60 2629 64 2634 ’
154 2627 170 2682 6
182 2629 283 2693 χρησις
299 2613 418 2689 dicitur,
445 2615 622 2674 necessaria.
668 2615 829 2675 Translatio
852 2630 986 2693 qnoque,
1008 2617 1038 2675 in
1059 2629 1111 2692 qua
1131 2599 1169 2664 vtl

64 2741 68 2747 .
182 2698 320 2757 maximus
339 2705 384 2757 est
399 2698 537 2758 orationis
558 2707 694 2774 ornatus,
712 2697 803 2758 verba
816 2714 873 2757 non
889 2700 948 2757 suis
964 2697 1053 2758 rebus
1069 2704 1168 2755 accon·

183 2781 289 2840 modat.
336 2780 432 2854 Quare
453 2783 618 2861 proprietas
634 2799 691 2841 non
708 2781 862 2841 adnomen
881 2781 934 2843 sed
952 2782 987 2842 ad
1003 2784 1060 2842 vim
1075 2769 1167 2854 signifi·
1196 2785 1198 2842 l

184 2865 266 2924 candi
287 2863 429 2939 refertur,
451 2883 507 2925 nec
532 2865 627 2926 auditu
654 2866 707 2926 aed
726 2865 876 2925 intellectu
900 2863 1104 2945 perpendenda
1123 2860 1166 2916 ιιι.

155 2947 318 3019 psecundo
333 2947 419 3007 modo
436 2948 539 3008 dicitur
554 2950 701 3028 proprium
721 2950 796 3008 inter
809 2949 908 3028 plura,
932 2966 1005 3026 quae
1028 2955 1091 3008 sunt
1106 2942 1166 3001 eins·

183 3030 248 3090 dem
261 3031 399 3107 nominis,
416 3032 460 3108 it,
479 3032 554 3092 unde
572 3043 671 3092 cetero
688 3032 773 3093 ducta
785 3041 863 3102 sunt;
885 3040 916 3091 ut
930 3043 1037 3094 corten
1054 3037 1096 3090 est
1111 3037 1167 3084 con·
1197 3035 1198 3042 ¹

184 3122 259 3175 torta
284 3115 313 3173 iu
338 3133 371 3174 se
393 3133 467 3194 aqua
488 3115 537 3174 vel
558 3116 695 3194 quidquid
716 3115 791 3177 aliud
815 3117 947 3176 similiter
961 3117 1094 3187 vertitur,
1111 3101 1166 3166 inde

183 3206 304 3277 propter
325 3197 431 3258 llexurn
453 3198 623 3277 capillorum
646 3218 714 3278 pars
735 3217 843 3260 summa
866 3201 987 3277 capitia,
1014 3218 1050 3261 ex
1073 3196 1125 3256 boo
1144 3181 1166 3283 {d

183 3281 260 3359 quod
274 3284 303 3341 in
318 3281 460 3340 montibus
477 3283 738 3344 eminentissimum.
767 3282 859 3343 Recte
877 3283 984 3343 dixeris
1000 3283 1163 3344 nascamur

154 3366 325 3435 &verticem
354 3367 473 3444 proprie
492 3373 607 3444 tamen,
636 3367 711 3427 unde
736 3368 843 3426 initium
868 3376 922 3427 est.
964 3368 1013 3427 Sic
1031 3365 1124 3428 solsoc
1140 3356 1164 3410 tl
1197 3363 1198 3374 ¹

184 3444 268 3508 triadi
288 3450 397 3526 pisces.
435 3447 473 3509 Et
492 3451 593 3511 tertius
616 3459 661 3514 est
680 3451 746 3513 huic
769 3449 899 3514 diversus
914 3450 1032 3530 modus,
1053 3449 1162 3511 curarits
1197 3471 1198 3548 p
