2470 3962
283 200 371 248 suar.
389 163 538 250 onnnoa.
555 201 625 249 nm.
638 201 705 268 x11,
724 202 745 252 1.
985 190 1040 252 241

43 363 140 430 turus,
164 357 241 432 quod
257 355 349 416 adhuc
365 355 544 415 abscisurum
559 364 655 433 putem
671 355 776 423 inisse;
799 353 863 414 nam
881 364 910 415 et
925 356 989 416 lere
1005 358 1048 416 sic
1141 355 1143 360 ’

42 439 122 500 docti
140 438 353 513 iudicauerunt,
378 438 528 516 plurimum
543 441 572 498 in
588 455 624 498 eo
641 440 790 514 virtutum,
813 438 941 500 nonnihil
955 440 1047 500 luisse
1113 461 1119 470 ¹

41 524 192 598 vitiorum,
214 531 244 580 et
265 523 330 599 ipse
346 539 379 580 sc
395 520 482 581 multa
504 539 541 580 ex
557 521 675 582 iuvenili
689 521 861 582 abnndantia
878 525 1047 584 coercuisse

42 613 180 666 testatur:
197 613 301 680 tamen,
319 604 432 683 quando
448 622 504 664 nec
519 606 658 684 sapientis
674 604 728 664 sibi
742 622 857 680 nomen,
873 607 986 666 minime
1002 607 1046 666 sui

41 697 243 766 contemptor,
267 690 391 748 asseruit
414 687 567 749 etmelius
590 688 705 763 dicere,
730 697 811 748 certe
828 688 894 750 data
909 688 1045 767 longiore

40 773 101 832 vita
117 781 148 831 et
162 781 294 850 tempore
312 771 348 830 ad
365 772 593 849 componendum
613 773 780 847 securiore,
805 773 961 851 potuisset:
989 789 1046 833 nou

39 854 168 931 maligne
194 855 380 928 crediderim,
409 853 537 914 defuisse
565 856 592 914 ei
616 872 752 916 summam
777 853 876 931 illam,
899 856 934 916 ad
960 874 1045 935 quam
1180 905 1182 910 .

40 955 128 998 nemo
144 939 263 1017 propius
279 939 414 998 accessit.
446 936 482 996 lit
498 937 615 1015 licebat,
634 940 659 998 si
678 938 761 998 aliter
778 939 924 1015 sentirem,
941 939 1084 1009 fortiusul
1170 939 1174 943 ’

39 1021 67 1081 id
91 1020 270 1100 liberiusque
292 1020 461 1081 defendere.
492 1022 539 1081 An
560 1039 631 1082 vero
653 1020 691 1082 Μ.
709 1021 852 1082 Antonius
872 1025 1045 1083 neminema

39 1123 74 1164 se
90 1107 185 1164 visum
200 1105 403 1182 eloquentem,
423 1105 500 1183 quod
516 1113 594 1172 tanto
610 1107 700 1165 minus
717 1114 796 1180 erat,
813 1107 965 1183 professus
984 1115 1043 1174 est;

38 1191 106 1268 ipse
125 1189 210 1248 etiam
227 1185 265 1248 ii.
282 1187 394 1248 Tullius
415 1189 528 1266 quaerit
547 1188 642 1248 adhuc
666 1206 746 1264 eum,
770 1197 800 1248 et
821 1198 928 1249 tantum
945 1190 1044 1266 imagi·

38 1281 126 1332 natur
140 1289 176 1332 ac
194 1272 289 1348 lingit:
309 1288 366 1347 ego
381 1287 439 1330 non
455 1271 575 1331 audeam
590 1272 700 1347 dicere,
717 1272 825 1350 aliquid
842 1273 870 1330 in
885 1272 951 1348 hac,
969 1289 1044 1350 qnae

38 1363 195 1434 superest,
220 1357 390 1415 aeternitate
414 1356 534 1414 inveniri
549 1371 639 1430 posse
662 1371 715 1431 eo,
745 1355 821 1433 quod
846 1355 949 1431 luerit,
977 1374 1043 1434 per-

36 1435 170 1510 iectius‘l
204 1437 333 1498 Transeo
353 1437 437 1514 illos,
463 1440 512 1517 qui
534 1435 670 1501 Ciceroni
694 1456 729 1499 ec
745 1438 934 1498 Demostheni
957 1457 994 1497 ne
1015 1439 1085 1500 indi

36 1521 211 1599 eloquentia
227 1522 341 1600 quidem
358 1522 428 1582 satis
445 1521 584 1592 tribuuut;
601 1539 760 1600 quanquam
775 1539 872 1602 neque
887 1523 943 1600 ipsi
960 1519 1043 1582 (iice-

12 1659 13 1672 ξ
35 1608 103 1666 roni
124 1603 340 1665 Demosthenes
358 1605 490 1666 videatur
505 1607 575 1665 satis
597 1623 664 1666 esse
683 1607 850 1686 perfectus,
874 1623 959 1684 quem
977 1605 1044 1665 dor·

37 1691 144 1750 mitare
166 1689 278 1748 interim
293 1687 377 1764 dicit,
400 1706 457 1748 nec
472 1685 685 1756 CiceroBruto
702 1687 870 1769 Caluoque,
895 1690 942 1766 qui
963 1697 1045 1748 certe

36 1773 284 1850 compositionem
308 1771 386 1831 illins
412 1773 496 1833 etiam
520 1771 597 1850 apud
617 1773 710 1850 ipsum
730 1770 961 1850 reprehendunt,
989 1789 1045 1831 nec

35 1855 143 1916 Asinio
169 1857 298 1934 utrique,
326 1855 374 1933 qui
388 1853 458 1915 uitia
483 1855 621 1916 orationis
637 1857 699 1915 eius
718 1857 803 1916 etiam
825 1854 939 1915 inimice
955 1853 1044 1932 pluri·

35 1939 93 1999 bus
110 1939 188 1998 locis
203 1940 399 2018 insequuntur.

128 2019 330 2082 Concedamus
349 2026 436 2099 sane,
460 2022 537 2101 quod
552 2023 665 2085 minime
681 2031 780 2083 natura
797 2025 920 2102 patitur,
944 2028 1091 2101 repar-23

31 2117 95 2166 tum
113 2123 185 2166 esse
206 2105 332 2185 aliquem
357 2105 460 2166 malum
479 2107 570 2166 virum
585 2123 695 2166 summe
718 2106 871 2166 disertum:
899 2105 988 2165 nihilo
1004 2114 1044 2165 ta·

32 2195 105 2251 men
122 2189 216 2248 minus
232 2197 378 2250 oratorem
395 2207 458 2248 eum
474 2189 599 2266 negabo.
632 2188 695 2250 Nec
711 2189 859 2267 omnihus,
877 2190 924 2268 qui
940 2188 1045 2248 inerint

32 2292 125 2334 manu
143 2273 281 2350 prompti,
298 2272 353 2332 uiri
370 2273 453 2332 fortis
470 2290 575 2332 nomen
592 2272 805 2349 concesserim,
823 2275 891 2352 quia
909 2275 970 2333 sine
987 2273 1044 2331 vir-

31 2367 98 2418 tute
117 2356 240 2432 intelligi
255 2373 313 2415 non
328 2363 427 2435 potest
442 2355 590 2417 iortitudo.
617 2357 663 2417 An
679 2359 716 2433 ei,
733 2359 781 2436 qui
797 2357 832 2417 ad
848 2355 1044 2418 defendendas
1055 2364 1091 2417 Ἃ

31 2456 148 2502 causas
173 2438 348 2515 advocatur,
370 2457 428 2500 non
450 2447 495 2499 est
520 2458 593 2519 opus
616 2441 689 2518 lide,
720 2459 803 2520 quem
825 2458 881 2502 nec
903 2439 1046 2518 cupiditas

31 2531 211 2600 corrumpat
226 2541 282 2583 nec
303 2525 395 2601 gratia
411 2533 523 2585 avertat
540 2541 596 2584 nec
609 2533 701 2584 metus
725 2524 853 2602 frangam
879 2524 932 2584 sed
948 2521 1045 2602 prodi-

29 2618 153 2682 torem,
177 2608 371 2684 transfugam,
387 2609 653 2685 praevaricatorem
668 2607 976 2668 donahimus'omtoris
994 2605 1045 2665 illo

31 2708 126 2753 sacro
143 2687 281 2750 nomine?
312 2689 423 2763 Quodsi
444 2690 640 2750 mediocribus
660 2693 745 2751 etiam
767 2691 895 2768 patronis
912 2690 1046 2749 convenit

28 2777 130 2848 haec,
149 2790 225 2850 quae
241 2773 331 2851 vulgo
346 2774 466 2850 dicitur,
483 2773 612 2834 bonitas:
642 2793 693 2834 cur
708 2791 765 2835 non
787 2781 886 2833 orator
902 2771 971 2848 ille,
997 2773 1045 2850 qui

28 2859 168 2919 nondum
182 2856 235 2916 fuit
256 2857 309 2917 sed
332 2865 431 2936 potest
453 2876 538 2934 esse,
562 2867 619 2917 tam
636 2858 672 2917 sit
686 2856 815 2917 moribus
831 2874 914 2936 quam
930 2852 1045 2916 dicendi

27 2944 147 3004 virtute
164 2938 334 3018 perfectus?
366 2941 431 3001 Non
452 2942 527 3000 enim
551 2941 698 3001 forensem
719 2941 860 3020 quandam
874 2940 1045 3012 instituimus
1055 2942 1097 2994 ᾖ

28 3043 166 3108 operam
183 3042 238 3084 nec
253 3027 461 3084 mercenariam
479 3041 582 3085 uocem
597 3043 670 3100 nec,
686 3033 717 3084 ut
733 3023 930 3102 asperioribus
946 3021 1045 3081 verbis

12 3111 207 3192 parcamus,
224 3125 281 3167 uon
292 3109 421 3169 inutilem
434 3125 503 3167 sane
515 3107 605 3167 litium
620 3109 802 3184 advocatum,
819 3124 903 3185 quem
920 3105 1044 3182 denique

27 3191 220 3256 causidicum
232 3191 326 3268 vulgo
338 3200 457 3259 vocant:
475 3190 527 3250 sed
543 3193 633 3250 uirum
647 3209 711 3251 cnm
725 3191 831 3268 ingenii
845 3199 945 3249 natura
960 3205 1057 3266 prae.

25 3286 168 3340 stantem
183 3283 241 3334 tum
256 3291 327 3334 vero
343 3284 386 3335 tot
401 3273 610 3354 pulcherrimas
628 3283 705 3334 artes
721 3276 835 3353 penitus
852 3279 949 3332 mente
967 3286 1044 3330 com·

24 3363 173 3443 plexum,
188 3357 284 3417 datum
299 3359 414 3418 tandem
424 3357 514 3417 rebus
529 3357 668 3433 humanis,
685 3357 798 3435 qualem
810 3356 888 3416 nulla
900 3363 1044 3414 auteave-

23 3455 134 3508 tostas
152 3443 334 3517 cognoverit,
352 3441 524 3519 singularem
541 3440 760 3520 perlectumque
775 3440 918 3583 undiqpe,
938 3437 1047 3516 optima

73 3529 323 3591 m.-r.ou1ur1n.ll.
368 3529 370 3534 '
841 3525 855 3582 1
