2494 3952
190 195 249 258 146
381 278 386 286 Ι
502 198 866 268 ro.sas;ou1nuru1aut

185 360 261 422 bens
282 377 350 421 esse
371 360 578 439 compositum,
605 358 657 420 sed
680 361 746 437 quia
767 358 864 436 legem
885 359 959 420 hanc
981 379 1050 424 esse
1069 379 1191 442 compo·
1244 393 1245 406 κ

185 444 270 504 nendi
292 444 321 504 in
343 444 472 504 omnibus
494 445 641 522 principiis
662 461 806 502 recusem.
851 441 922 504 Nam
948 445 1052 505 iudicis
1079 448 1191 507 animus
1243 423 1245 512 l

184 528 264 587 varie
276 535 479 606 praeparatur:
501 535 558 586 turn
572 525 753 586 miserabiles
769 543 836 586 esse
850 526 982 586 volumus
994 537 1054 587 tum
1065 531 1191 590 modesti

185 618 242 669 turn
266 628 349 670 acres
370 619 428 670 tum
450 627 555 686 graves
577 618 636 669 turn
655 607 752 669 blandi
772 618 830 669 tum
846 609 966 668 flectere
988 619 1047 670 tum
1069 613 1107 672 ad
1129 614 1194 674 dili·

184 695 311 771 gcntiam
326 693 445 754 hortari.
477 692 557 753 llaec
573 701 605 751 ut
619 700 685 752 sunt
700 692 816 753 diversa
831 702 947 753 natura:
964 694 1004 754 ita
1020 693 1192 756 dissimilem

185 777 376 856 componendi
398 793 514 854 quoque
537 776 676 836 rationem
698 774 873 836 desiderant.
917 774 963 834 An
985 777 1130 838 similibus
1147 769 1191 838 Oi·
1237 830 1245 846 ,

184 877 254 920 cero
275 878 344 927 usus
364 869 410 920 ast
424 858 550 919 numeris
571 859 600 933 in
616 858 736 919 exordio
753 876 806 936 pro
821 857 947 935 Milone,
970 877 1025 938 pro
1043 858 1191 936 Cluentio,
1233 846 1245 887 Ι

127 957 238 1023 134pro
253 939 390 1020 Ligario?
434 941 567 1001 Narratio
583 942 646 1001 iere
666 941 808 1000 tardiores
825 950 928 1018 atquc,
951 951 982 1001 ut
997 942 1041 1002 sic
1057 942 1189 1018 dixerim,
1229 919 1245 1073 ql

182 1025 376 1085 modestiores
388 1025 535 1085 desiderat
546 1025 637 1104 pedes
655 1033 684 1084 et
699 1025 830 1086 omnibus
844 1026 967 1084 maxime
978 1027 1098 1086 mixtos.
1121 1026 1191 1086 Nam

183 1117 212 1168 et
232 1107 349 1184 verbis,
373 1116 404 1167 ut
425 1109 542 1186 saepius
563 1125 666 1186 pressa
693 1116 753 1183 est,
776 1109 814 1168 ita
837 1107 950 1167 interim
972 1110 1112 1186 insurgit;
1140 1110 1191 1169 sed
1227 1076 1235 1181 l

182 1193 292 1254 docere
310 1200 339 1252 et
355 1191 477 1267 infigere
493 1192 591 1250 animis
606 1209 655 1250 res
671 1207 787 1268 semper
803 1191 900 1267 cupit,
922 1191 1000 1269 quod
1016 1194 1134 1253 minime
1150 1195 1191 1252 ie·

183 1276 345 1337 stinantium
361 1291 435 1352 opus
457 1283 511 1333 est.
556 1273 601 1333 Ac
621 1273 688 1333 mihi
703 1273 817 1334 videtur
831 1282 891 1332 tota
909 1275 1036 1334 narratio
1054 1286 1191 1336 constare
1227 1268 1245 1342 ’,

126 1365 176 1418 13⁵
185 1359 365 1435 longioribus
381 1357 535 1432 membris,
553 1355 736 1416 brevioribus
750 1357 889 1435 periodis.
917 1357 1098 1435 Argumenta
1115 1362 1191 1419 acria

183 1450 212 1502 st
228 1445 313 1502 citata
327 1440 450 1518 pedibus
463 1457 579 1517 quoque
595 1440 630 1500 ad
641 1440 714 1500 bano
725 1449 854 1500 naturam
866 1441 1094 1502 accommodatis
1110 1452 1189 1502 uten-

182 1535 244 1600 tur,
261 1541 318 1591 non
335 1532 430 1582 tamen
446 1523 483 1582 ita
501 1531 531 1581 ut
546 1522 709 1598 trochaeis,
728 1522 775 1600 qui
792 1522 906 1582 calores
922 1524 1039 1602 quidem
1056 1528 1111 1588 sed
1127 1527 1189 1584 sinc

182 1607 290 1667 viribus
313 1614 393 1674 sunt;
423 1622 522 1664 verum
543 1605 594 1681 iis,
620 1606 667 1684 qui
687 1607 742 1665 sint
763 1605 901 1664 brevibus
919 1606 1077 1685 longisque
1100 1611 1190 1684 mixti,

125 1694 239 1749 ltonon
259 1698 354 1748 tamen
372 1689 475 1766 plures,
494 1687 597 1764 longas
617 1707 700 1766 quam
720 1689 826 1747 breves
848 1687 982 1749 habeant.
1028 1690 1084 1750 llla
1102 1692 1189 1750 subli-

182 1775 236 1832 mia
260 1773 405 1850 spatiosas
425 1771 579 1850 clarasque
599 1789 691 1830 voces
711 1771 831 1839 habent;
861 1782 954 1832 amant
973 1773 1190 1850 amplitudinem

182 1855 290 1932 dactyli
309 1873 424 1935 quoque
446 1873 480 1914 ac
501 1857 638 1932 paeonis,
662 1857 771 1913 etiamsi
787 1855 897 1914 maiore
915 1865 1051 1934 exparte
1068 1857 1189 1932 syllabis

182 1939 336 2014 brevibus,
349 1938 527 2016 temporibus
542 1947 637 1998 tamen
653 1941 722 1996 satis
738 1936 825 2016 pleni.
871 1937 985 2017 Aspera
1003 1949 1106 2000 contra
1122 1942 1189 1999 iarn·

177 2021 227 2082 'bis
242 2024 365 2082 maxime
378 2022 571 2088 con.citantur;
591 2038 647 2079 non
662 2020 756 2080 solum
771 2020 848 2098 quod
863 2031 927 2080 sunt
942 2042 958 2080 e
975 2022 1086 2082 duabus
1103 2023 1189 2086 modo
1241 2079 1243 2084 ,

182 2104 302 2180 syllabis
322 2122 417 2181 eoque
433 2104 661 2182 frequentiorem
677 2105 758 2181 quasi
774 2104 888 2182 pulsum
904 2103 1027 2181 habent,
1051 2124 1127 2183 quae
1141 2123 1189 2163 res

182 2189 292 2248 lenitati
309 2189 454 2248 contraria
471 2196 533 2262 est,
551 2187 700 2246 sedetiam
718 2187 795 2265 qnod
810 2186 940 2269 omnibus
956 2188 1081 2266 pedibus
1096 2190 1188 2248 insur-

182 2280 252 2347 gunt
276 2280 337 2331 eta
358 2270 495 2331 brevibus
519 2271 547 2328 in
567 2271 669 2346 longas
687 2271 816 2330 nituntur
837 2279 867 2328 et
888 2281 1040 2346 crescunt,
1063 2269 1191 2348 ideoque

125 2355 320 2429 lgpmeliores
344 2355 478 2429 choreis,
508 2354 555 2431 qui
580 2353 616 2412 ab
642 2354 737 2430 longis
763 2353 791 2412 in
814 2353 920 2412 breves
947 2354 1061 2414 cadunt.
1109 2357 1189 2416 Sum·

183 2431 286 2512 missa,
314 2436 409 2513 qualia
426 2439 455 2494 in
470 2437 595 2513 epilogis
612 2445 693 2512 sunt,
720 2436 812 2496 lentas
830 2445 858 2494 et
874 2437 937 2514 ipsa
955 2437 1008 2496 ssd
1024 2439 1119 2496 minus
1141 2456 1192 2496 ex-

184 2519 340 2585 clamantes
357 2521 483 2596 exigunt.
872 2583 877 2601 Ι

169 2619 175 2626 ’
267 2601 336 2662 Vult
349 2621 415 2662 esse
428 2600 533 2661 Celsus
547 2603 671 2681 aliquam
684 2611 713 2662 et
725 2601 923 2680 superbiorem
937 2605 1192 2681 compositionem,

184 2703 268 2763 quam
291 2687 424 2765 equidem
440 2686 465 2744 si
480 2687 601 2760 scirem,
624 2703 681 2744 non
697 2685 849 2754 docerem:
873 2681 925 2746 sed
941 2687 978 2744 sit
992 2704 1122 2746 necesse
1144 2695 1193 2746 est
1239 2681 1243 2688 '

183 2768 264 2828 tarda
290 2778 318 2828 et
334 2771 444 2846 supina.
489 2767 596 2827 Verum
612 2771 665 2828 nisi
682 2787 719 2828 ex
733 2768 831 2828 verbis
853 2769 939 2845 atque
961 2772 1115 2829 sententiis
1136 2787 1194 2846 per

183 2869 251 2910 sese
268 2852 295 2910 id
314 2854 476 2929 quaeritur,
496 2853 564 2911 satis
582 2852 684 2912 odiosa
701 2869 768 2911 esse
786 2868 843 2910 non
859 2853 976 2930 poterit.

120 2944 178 2999 138
269 2934 419 3012 Denique,
442 2945 471 2993 ut
488 2935 579 2994 semel
596 2936 705 3011 liniam,
729 2937 772 2993 sic
789 2935 852 2994 iere
870 2935 1101 3012 componendum
1118 2951 1192 3012 quo·

184 3015 269 3076 modo
286 3017 521 3094 pronuntiandum
546 3019 609 3076 erit.
654 3017 699 3076 An
720 3035 777 3076 non
798 3019 826 3077 in
845 3019 1003 3096 prooemiis
1017 3018 1191 3095 plerumque

185 3099 343 3177 summissi,
363 3101 433 3178 (nisi
450 3118 512 3159 curn
530 3103 558 3159 in
573 3102 757 3161 accusatione
775 3099 961 3166 concitandus
978 3109 1023 3158 est
1036 3101 1125 3160 iudex
1141 3109 1189 3158 aut

185 3183 280 3260 aliqua
300 3183 494 3260 indignatione
519 3183 726 3263 complendus)
754 3185 782 3241 in
805 3184 967 3244 narratione
995 3183 1076 3261 pleni
1100 3191 1188 3260 atquc

186 3267 337 3344 expressi,
354 3268 383 3326 in
399 3268 573 3342 argumentis
590 3268 667 3326 citati
683 3276 769 3342 atque
785 3266 849 3342 ipso
870 3267 954 3326 etiam
970 3275 1050 3326 motu
1071 3267 1190 3326 celeres

181 3347 304 3409 sumus?
333 3359 363 3409 ot
389 3351 418 3409 in
442 3344 516 3408 locis
537 3367 572 3408 ac
596 3348 837 3426 descriptionibus
854 3349 913 3408 iusi
935 3365 970 3408 ac
991 3348 1133 3424 luentes,
1159 3350 1191 3407 in

127 3441 178 3498 tat
186 3433 312 3510 epilogis
328 3433 498 3525 plerumque
516 3432 621 3493 deiecti
638 3441 666 3491 et
681 3428 815 3491 infracti?
858 3431 946 3512 Atqui
964 3433 1099 3511 corporis
1115 3449 1190 3509 quo·
