2494 3952
349 205 439 254 ruso.
453 205 603 254 osacen.
618 205 688 254 nto.
700 207 748 270 xr,
764 194 789 253 t.
1014 195 1070 256 tot

62 363 198 443 quamvis
213 361 331 422 multum
347 368 427 422 esset
444 361 472 420 in
487 359 544 421 hoo
560 377 678 440 quoque
692 363 838 437 momenti,
856 371 921 424 uter
932 361 968 422 ad
984 380 1072 440 agen·

62 448 133 508 dum
148 447 240 523 magis
255 446 378 506 idoneus
397 445 528 519 veniret,
552 444 667 505 dicendi
687 454 782 505 tamen
797 446 964 516 facultatem
980 448 1072 523 magis

8 573 9 580 κ
61 530 108 591 illi
124 530 250 591 detraxit
266 546 350 607 quam
366 529 513 605 arrogavit
528 527 601 603 sibi,
628 547 721 607 seque
740 545 798 587 non
816 539 1003 600 consecutum
1018 530 1072 590 sed
1129 603 1131 606 Ι

62 616 170 677 arania
190 614 314 692 fecisse,
336 619 370 674 ut
387 613 747 690 possessionemque
770 611 851 672 dixit.
889 613 923 673 ln
938 614 1114 691 epistolistt

62 697 222 777 aliquando
239 696 419 756 familiariter
434 694 509 774 apud
525 695 651 771 unicos,
675 713 875 776 nonnunquam
897 698 925 756 in
948 697 1072 772 dialogis

62 781 162 843 alicua
174 789 268 840 tamen
280 796 407 858 persona
419 798 519 839 verum
532 777 568 838 de
580 779 748 859 eloquentia
758 797 809 840 sna
822 781 899 841 dicit.
923 779 960 840 Et
971 790 1072 859 aperte

29 911 33 918 .
63 875 163 926 tamen
188 863 308 941 gloriari
329 864 429 923 nescio
450 880 485 924 aa
506 864 544 921 sit
568 866 661 941 magis
681 863 837 924 tolerabile
857 864 906 924 vel
929 866 994 942 ipsa
1011 865 1072 923 vitii

7 951 9 1014 ί
63 949 152 1010 buius
168 946 368 1026 simplicitate,
385 964 469 1026 quam
483 946 532 1006 illa
548 947 576 1006 iu
591 948 748 1007 iactatione
764 965 921 1026 perversa,
944 949 969 1006 si
984 947 1071 1009 abun·

7 1049 8 1098 ἶ
62 1034 139 1094 dans
155 1032 260 1110 opibus
275 1049 436 1110 pauperem
452 1047 503 1106 se,
527 1029 632 1090 nobilis
654 1030 808 1091 obscurum
830 1041 859 1091 et
876 1041 980 1109 potens
996 1031 1072 1090 inbr-

62 1134 143 1176 mam
165 1126 194 1175 et
217 1115 342 1175 disertus
362 1115 524 1194 imperitum
538 1114 624 1193 plane
647 1125 678 1176 et
692 1116 828 1176 infantem
843 1124 941 1175 vocet.
975 1114 1115 1176 limbi-uu

7 1239 8 1244 κ
63 1202 173 1260 tiosum
196 1198 339 1276 gloriandi
361 1216 454 1276 genus
484 1207 529 1258 est
553 1199 639 1260 etiam
661 1199 806 1259 deridere.
841 1198 889 1259 Ab
910 1199 975 1259 aliis
998 1216 1071 1276 ergo

63 1284 231 1350 laodomam
251 1300 315 1343 nam
326 1284 419 1361 ipsos,
438 1289 467 1342 nt
480 1281 695 1342 Demosthenes
707 1284 756 1358 ait,
772 1284 1072 1358 achaemeniam

6 1423 8 1426 .
65 1387 137 1430 cum
159 1367 199 1428 ab
224 1369 295 1430 aliis
320 1366 536 1442 laudabimur,
565 1365 661 1428 decet.
699 1365 803 1445 Neque
825 1365 882 1426 lroc
905 1364 986 1441 dico,
1014 1383 1071 1425 non

6 1511 13 1532 ὲ
63 1449 222 1531 aliquando
239 1451 276 1511 de
294 1450 381 1510 rebus
398 1469 414 1510 a
437 1467 469 1508 se
484 1451 578 1527 gestis
595 1451 703 1510 oratori
721 1468 789 1510 esse
805 1449 974 1526 dicendum,
997 1452 1071 1510 sicut

65 1536 163 1595 eidem
179 1533 368 1595 Demostheni
390 1551 444 1611 pro
467 1531 674 1611 Ctesiphonte;
701 1535 779 1613 quod
800 1544 897 1594 tamen
916 1535 954 1594 ita
972 1551 1069 1594 emen·

64 1620 160 1693 davit,
188 1627 219 1679 ut
244 1619 450 1678 nenessitatem
476 1618 505 1679 id
529 1617 654 1677 faciendi
681 1619 851 1678 ostenderet
877 1618 1069 1696 invidiamque

65 1720 182 1763 omnem
197 1704 226 1762 in
241 1719 306 1763 cum
321 1709 492 1779 regeneret,
515 1702 562 1778 qui
580 1700 636 1760 boo
653 1716 686 1760 se
704 1704 863 1779 coegisset.
897 1700 933 1760 Et
949 1699 987 1760 bl.
1004 1701 1114 1764 'lul-2³

64 1787 122 1847 lius
139 1785 230 1865 saepe
246 1787 316 1848 dicit
330 1784 368 1845 tie
379 1801 523 1864 oppressa
536 1785 734 1846 coniuratione
748 1782 903 1853 Catilinam
920 1785 972 1845 sed
984 1785 1070 1844 modo

64 1871 95 1930 id
121 1871 217 1929 virtuti
245 1878 362 1930 senatus
387 1869 474 1929 modo
501 1868 700 1946 providentiae
727 1869 847 1928 deornm
871 1869 1070 1928 immortalium

64 1955 203 2031 assignat.
228 1953 401 2030 Plerumque
417 1959 516 2012 contra
531 1953 662 2012 inimicas
677 1961 763 2030 atque
779 1951 993 2012 obtrectatores
1005 1951 1071 2030 plus
1140 1943 1145 1956 ⁴

64 2037 273 2098 vindicatsibi.
304 2036 484 2096 Erantenim
501 2035 619 2110 tuenda,
638 2054 702 2096 cum
719 2029 926 2097 obiiceientur.
960 2035 993 2095 ln
1009 2044 1114 2098 car-24
1201 2070 1204 2082 ‹

62 2119 188 2180 minibus
203 2122 309 2181 utinam
324 2120 525 2200 pepercisset,
543 2137 618 2198 quae
633 2137 690 2179 non
708 2120 855 2181 desierunt
871 2137 996 2198 carpere
1013 2137 1070 2178 ma·

63 2206 153 2282 ligni:

5 2369 7 2376 ,
194 2285 314 2352 Cedant
328 2294 532 2365 amotoque,
549 2289 699 2350 concedat
713 2289 823 2350 matred
837 2286 926 2348 laudi
930 2309 945 2356 ,-

64 2381 96 2430 et

5 2529 7 2534 ,
211 2453 236 2517 0
250 2457 560 2535 fortunatamnatam
574 2475 622 2518 me
637 2457 760 2517 canerde
776 2454 925 2524 Romam,-

5 2533 25 2546 ’“
63 2549 95 2600 et
109 2537 213 2600 lovem
232 2542 328 2616 illam,
347 2559 368 2602 a
389 2556 446 2618 quo
460 2541 494 2601 ia
514 2539 675 2602 concilium
693 2539 1026 2606 decederedecedera·
1042 2546 1072 2596 ct

5 2691 6 2696 η
63 2613 255 2699 Minervam,
278 2641 358 2702 quaa
379 2633 465 2686 artes
487 2643 555 2684 eam
576 2625 699 2692 decante
720 2641 796 2700 quae
813 2620 868 2680 sibi
885 2621 936 2680 ille
952 2629 1071 2684 secutus

64 2707 208 2786 quaedam
226 2706 404 2769 Graecorum
422 2707 557 2785 exempla
577 2706 759 2783 permiserat.
1043 2714 1046 2720 '
1135 2721 1137 2726 ·

150 2790 259 2850 Verum
279 2792 466 2870 eloquentiae
481 2799 511 2850 ut
529 2791 668 2850 indecora
683 2789 800 2849 iactatio
816 2789 854 2848 ita
871 2795 1112 2864 nonnunquamso

64 2874 256 2936 concedenda
271 2875 376 2936 fiducia
393 2883 447 2935 est.
478 2873 550 2934 Nam
567 2874 631 2952 quis
646 2872 843 2951 reprehendat
863 2871 954 2931 baec:
988 2868 1072 2943 Quia

59 2961 190 3038 putem?
211 2967 447 3038 cmdmnptumne
464 2959 534 3020 me?
570 2955 638 3017 Noa
653 2959 743 3018 uideo
759 2975 817 3020 nec
832 2956 865 3016 in
883 2957 946 3016 cita
962 2974 1019 3016 nec
1038 2954 1071 3014 in

62 3042 171 3120 pratia
196 3062 255 3104 nec
276 3045 309 3104 in
330 3043 424 3105 rebus
443 3044 538 3120 pectis
559 3060 617 3103 aee
635 3041 670 3102 iss
690 3041 749 3104 bac
770 3059 839 3103 mea
860 3039 1071 3100 mediocritate

62 3127 191 3204 ingenii,
205 3128 281 3205 quid
292 3127 453 3206 despicere
460 3127 559 3205 possit
569 3123 741 3188 Antonias?
757 3123 794 3184 Et
807 3113 893 3203 paulo
907 3131 973 3201 post
984 3139 1068 3199 aper·
1078 3128 1112 3183 26

63 3210 137 3268 tius:
157 3206 207 3272 Ass
221 3212 385 3274 decertare
399 3229 517 3273 mecum
528 3209 622 3272 coluit
637 3210 822 3272 comestione
837 3207 984 3270 dicendi?
1005 3202 1071 3266 Hoc

64 3293 191 3370 quidem
211 3294 390 3373 beneficiam
407 3301 462 3358 est.
497 3291 580 3366 Quid
599 3295 677 3354 enim
692 3293 830 3371 plenius,
851 3291 926 3369 qaid
946 3290 1072 3351 uberius

64 3393 160 3456 qaam
179 3379 253 3440 mild
273 3387 303 3440 et
317 3398 378 3459 pro
396 3398 448 3456 me
460 3384 490 3441 et
509 3385 617 3439 cmttra
637 3374 800 3440 Antoniam
814 3375 944 3436 dicere?

151 3461 335 3542 Arrogantes
353 3472 382 3522 et
399 3463 456 3540 illi,
473 3462 521 3541 qui
539 3479 573 3520 se
592 3461 739 3521 iudicasse
755 3459 791 3520 de
809 3476 897 3520 causa
913 3475 968 3517 nec
985 3456 1112 3517 alitert'l
