2494 3952
368 253 791 321 tusr.ounron.n1n.x‚a.
1017 245 1078 308 169

1 435 2 478 ;
75 409 104 468 in
124 407 182 468 illis
202 425 272 469 uera
290 407 324 464 ‘in
348 405 392 464 lris
411 408 573 467 assimulata
589 411 706 468 materia
725 417 779 468 est·
818 407 900 468 lidda
926 407 1003 488 quod
1028 428 1074 486 ea,
1115 485 1118 490 ⁴

1 511 2 565 3
74 491 194 572 quaein
213 499 329 549 oratore
346 491 465 548 maxima
481 499 560 564 sunt,
585 490 731 552 imitabilia
746 509 803 551 non
817 501 897 566 suut,
919 494 1074 570 ingenium,

73 575 297 648 inventio,vis,
319 572 494 649 facilitas-et
516 574 651 651 quidquid
673 583 734 635 arte
757 592 815 634 non
837 575 965 634 traditur.
1005 575 1075 636 ldeo
1087 588 1123 642 13
1142 611 1172 634 a..

1 672 3 677 “
75 657 228 736 plerique,
248 673 311 714 eum
331 655 420 715 verba
444 658 583 735 quaedam
605 657 841 718 exorationibus
865 669 1076 737 excerpserunt

1 771 2 786 2
74 750 122 801 aut
137 739 250 818 aliquos
269 740 486 817 compositionis
502 750 598 799 certos
615 741 724 818 pedes,
747 743 818 801 mire
840 759 922 818 ase,
944 760 1018 818 quae
1034 743 1076 802 le·

1 892 7 901 ,
55 833 189 902 gerunt,
207 822 306 898 eilingi
322 821 506 891 arbitrantur;
534 841 596 884 cum
618 833 647 883 et
671 824 761 885 uerba
782 826 953 885 intercidant
967 825 1076 886 inuale-

1 918 2 936 ¹
72 917 214 984 scantque
230 905 420 983 temporibus,
436 916 466 966 ut
481 919 601 983 quotum
618 909 777 968 certissima
795 909 832 967 sit
844 907 945 984 regula
961 911 990 968 in
1008 926 1076 968 con·

71 990 236 1064 suetudine,
254 1007 348 1066 eaque
362 1005 419 1048 non
434 1007 485 1050 sua
500 999 599 1050 natura
616 990 671 1050 sint
686 990 762 1051 bona
777 1000 825 1052 aut
837 991 912 1051 mala
929 990 1008 1069 (uam
1024 1011 1078 1070 per
1158 1031 1162 1038 -

70 1093 107 1134 se
129 1075 192 1133 soni
216 1082 321 1133 tantum
346 1075 431 1152 sunt)
455 1073 507 1132 sed
531 1083 616 1151 prout
636 1083 799 1152 opportune
821 1076 998 1153 proprieque
1028 1085 1076 1136 aut

70 1175 159 1218 secus
178 1153 322 1216 collocata
338 1166 416 1222 sunt:
440 1165 468 1216 et
484 1158 654 1234 compositio
679 1175 741 1216 cum
757 1157 845 1218 rcbus
862 1158 1076 1218 accommodata

70 1243 109 1300 sil
124 1248 182 1300 tum
201 1241 265 1318 ipsa
279 1241 419 1299 varietate
434 1241 605 1316 gratissima.

159 1323 345 1400 Quapropter
364 1323 549 1382 exactissimo
570 1322 675 1382 iudicio
694 1325 770 1382 circa
791 1322 865 1382 banc
889 1332 998 1401 partem
1019 1333 1123 1388 stu-14

72 1407 184 1468 diorum
202 1406 388 1466 examinanda
402 1415 467 1465 sunt
482 1408 585 1466 omnia.
612 1406 745 1481 Primum,
758 1421 832 1484 quos
844 1407 995 1482 imitemur,
1012 1425 1076 1466 nam

70 1499 139 1550 sunt
156 1489 280 1567 plurimi,
294 1492 342 1566 qui
357 1488 568 1548 similitudinem
580 1491 697 1566 pessimi
715 1491 854 1567 cuiusque
870 1499 900 1549 et
918 1492 1076 1567 corruptis·

1 1571 2 1574 ’
70 1575 136 1633 simi
153 1575 375 1650 oououpierunt;
403 1581 460 1632 tum
480 1573 508 1632 in
531 1575 613 1651 ipsis,
631 1589 704 1651 quos
723 1571 918 1649 elegerimus,
945 1573 1011 1650 quid
1028 1575 1075 1649 sit,
1103 1583 1105 1588 '

70 1656 108 1717 ad
125 1656 202 1735 quod
214 1673 267 1714 nos
280 1655 462 1715 efficiendum
475 1673 686 1734 comparemus.
715 1654 786 1715 Nam
801 1659 829 1715 iu
840 1657 950 1732 maguis
965 1668 1123 1735 quoquelb

71 1738 240 1800 auctoribus
256 1738 382 1797 incidunt
399 1738 494 1817 aliqua
509 1740 613 1799 uitiosa
631 1748 660 1799 et
672 1757 687 1800 a
700 1739 793 1799 doctis
806 1741 881 1798 inter
895 1741 975 1817 ipsos
990 1741 1076 1800 etiam

70 1830 170 1882 mutuo
186 1821 379 1900 reprehensa;
396 1831 483 1899 atque
498 1823 604 1882 utinam
619 1830 678 1882 tam·
693 1821 769 1881 bona
786 1821 929 1880 imitantes
945 1821 1077 1882 dicerent

70 1904 175 1966 melius
197 1923 281 1982 quam
299 1905 372 1965 mala
390 1907 471 1982 peius
488 1904 594 1964 dicunt.
631 1903 694 1964 Nec
709 1920 780 1964 vero
794 1903 896 1963 saltem
911 1905 956 1978 iis,
973 1905 1076 1982 quibus

70 1989 107 2050 ad
126 1988 257 2048 evitanda
273 1989 341 2048 vitia
359 1989 455 2048 iudicii
477 1990 546 2048 satis
566 1989 633 2063 luit,
657 1987 783 2047 sufficiat
799 1988 950 2064 imaginem
963 1989 1076 2047 virtutis
1168 2055 1171 2058 ,
1244 2016 1245 2024 1

71 2071 215 2148 effingere
233 2081 261 2130 et
275 2071 377 2146 solam,
393 2081 423 2130 ut
437 2074 479 2130 sic
493 2071 625 2146 dixerim,
642 2079 736 2131 cutem
751 2070 799 2130 vel
816 2073 912 2149 potius
928 2069 994 2132 illas
1006 2069 1075 2148 Epi·

10 2224 15 2232 ,
42 2215 44 2220 ,
70 2157 134 2216 curi
150 2155 274 2231 figuras,
298 2173 370 2233 quas
392 2173 409 2213 e
429 2157 544 2213 summis
566 2153 738 2233 corporibus
759 2154 828 2213 dicit
847 2153 979 2214 eiduere.
1013 2152 1123 2222 Hoc16

69 2247 168 2300 autem
183 2237 226 2296 bis
243 2239 364 2312 accidit,
387 2239 435 2316 qui
456 2254 513 2297 non
529 2238 715 2316 introspectis
732 2237 846 2315 penitus
866 2239 1018 2298 virtutibus
1041 2237 1076 2298 ad

69 2323 193 2402 primum
208 2339 241 2380 se
258 2320 338 2382 velut
354 2330 502 2399 aspectum
519 2321 657 2381 orationis
673 2329 820 2399 aptarunt;
839 2330 868 2380 et
884 2339 947 2381 cum
961 2323 996 2381 iis
1012 2319 1075 2381 ieli-

70 2405 189 2484 eissime
202 2406 291 2464 cessit
305 2405 439 2465 imitatio:
456 2405 554 2470 uerbis
567 2415 654 2484 atque
670 2405 795 2464 numeris
811 2414 877 2464 sunt
889 2421 947 2464 non
958 2403 1076 2464 multum

69 2488 256 2563 differentes,
278 2489 335 2548 vim
359 2488 471 2548 dicendi
496 2497 582 2567 atque
604 2487 777 2547 inventionis
798 2505 855 2548 non
871 2497 1075 2566 assequuntur,

69 2571 123 2632 sed
142 2572 311 2650 plerumque
328 2571 473 2632 declinant
492 2574 520 2630 in
535 2573 619 2650 peius
642 2581 670 2630 et
686 2573 816 2649 proxima
838 2570 989 2631 virtutibus
1006 2571 1075 2631 vitia

19 2695 23 2700 -
69 2653 318 2733 comprehendunt
336 2655 463 2733 iruntque
479 2671 531 2732 pro
547 2653 703 2731 grandibus
716 2653 824 2729 tumidi,
842 2654 951 2732 pressis
970 2653 1074 2728 exiles,

68 2737 194 2799 iortibns
209 2739 364 2813 temerarii,
381 2736 465 2798 laetis
479 2737 618 2816 corrupti,
636 2738 804 2816 compositis
818 2737 991 2812 exultantes,
1009 2737 1075 2795 sim-

67 2820 194 2901 plicibus
211 2821 405 2898 negligentes.
437 2820 567 2899 ldeoque
584 2820 632 2898 qui
647 2819 764 2880 borridc
780 2829 866 2897 atque
883 2821 1075 2898 incomposite
1086 2827 1121 2884 17

69 2903 227 2982 quamlibet
251 2902 323 2964 illud
349 2903 483 2982 irigidum
513 2913 542 2964 et
566 2905 650 2964 inane
679 2903 858 2979 extulerunt,
889 2904 1012 2981 antiquis
1041 2921 1075 2962 se

67 3005 158 3067 pares
175 2986 307 3054 credunt;
324 2987 372 3066 qui
393 2998 492 3048 carent
507 2987 585 3048 cultu
603 2996 690 3065 atque
709 2985 875 3062 sententiis,
896 2986 1001 3046 Atticis
1018 2987 1075 3046 sci-

1 3111 2 3114 =
68 3072 155 3139 licet;
174 3072 222 3148 qui
235 3070 379 3149 praecisis
399 3070 633 3130 conclusionibus
649 3070 784 3144 obscuri,
805 3069 968 3130 Sallustium
985 3079 1072 3148 atque

1 3185 3 3192 >
68 3154 268 3229 Thucydidem
282 3163 434 3233 superant:
451 3155 549 3214 tristes
559 3172 594 3213 ac
609 3154 696 3214 ieiuni
706 3152 867 3213 Pollionem
880 3154 1071 3219 aemulantum

68 3237 158 3298 otiosi
175 3246 203 3296 et
220 3238 324 3316 supini,
341 3237 366 3304 si
382 3238 448 3316 quid
462 3236 548 3297 modo
566 3238 681 3314 longius
696 3236 964 3311 circumduxerunt,
981 3237 1074 3295 iurant

1 3355 3 3362 ν
67 3321 108 3381 ita
126 3317 301 3381 Ciceronem
322 3321 485 3380 locuturum
503 3321 604 3380 luisse.
635 3317 780 3380 Noveram
795 3319 953 3398 quosdam,
972 3319 1020 3396 qui
1039 3327 1120 3382 sel8

65 3403 192 3483 pulchre
216 3405 400 3482 expressisse
421 3422 513 3481 genus
535 3401 605 3463 illud
637 3402 776 3463 coelestis
798 3403 881 3462 buius
901 3403 929 3460 in
948 3401 1071 3462 dicendo

1 3545 2 3554 ,
64 3485 122 3548 viri
138 3486 193 3547 sibi
206 3487 390 3566 viderentur,
406 3489 431 3546 si
446 3488 475 3546 in
490 3486 618 3548 clausula
634 3487 801 3566 posuissent
821 3481 900 3548 Este
917 3485 1075 3548 videatur.
