2470 3962
196 179 257 244 ato
525 193 561 240 nr.
578 191 655 238 rna.
669 190 887 251 occurremur

197 348 360 425 inquirere,
383 345 504 406 candide
525 363 571 404 me
593 354 679 422 atque
702 345 871 422 simpliciter
891 345 920 404 in
938 347 1068 406 notitiam
1084 365 1185 425 eorum,

197 433 222 491 si
238 431 286 508 qui
301 428 378 489 lorte
395 445 577 506 cognoscere
593 429 764 503 voluissent,
781 428 949 505 protulisse.
977 429 1073 508 Atque
1089 431 1117 490 id
1131 434 1186 491 viro

169 514 276 583 9bono
295 514 363 572 satis
379 521 441 588 est,
458 511 593 572 docuisse
611 511 687 589 quod
704 513 803 571 sciret.
834 510 951 571 Vereor
966 521 1078 590 tamen,
1096 533 1131 574 ne
1146 525 1186 574 aut

197 614 301 673 magna
312 597 425 655 nimium
439 596 540 656 videar
555 597 687 672 exigere,
705 597 752 674 qui
767 595 891 655 eundem
904 596 996 654 virum
1009 596 1115 656 bonum
1129 617 1188 658 esse

200 690 228 740 et
250 679 363 740 dicendi
380 681 501 758 peritum
517 679 617 746 velim;
642 687 690 738 aut
706 679 810 753 multa,
832 679 880 756 qui
898 688 941 739 tot
958 679 1069 740 artibus
1084 683 1112 739 in
1127 700 1188 759 pue·

199 766 263 824 ritia
285 763 430 824 discendis
453 779 564 822 morum
584 779 701 841 quoque
725 772 884 840 praecepta
905 770 935 822 et
956 765 1108 824 scientiam
1128 765 1187 824 iuris

200 848 292 906 civilis
308 857 425 925 praeter
442 865 492 921 ea,
518 863 592 924 quae
611 846 647 905 de
664 845 831 924 eloquentia
853 845 1056 922 tradebantur,
1082 848 1188 909 adiece-

198 933 265 997 rim;
292 933 397 1008 quique
421 928 494 989 haec
515 932 598 1006 operi
616 939 715 988 nostro
738 931 907 990 necessaria
921 948 990 990 esse
1010 930 1187 1004 crediderint,

198 1014 278 1074 velut
293 1030 400 1073 rnoram
417 1014 460 1072 rei
476 1012 702 1091 perhorrescant
718 1023 746 1072 et
758 1012 916 1090 desperent
931 1022 997 1074 ante
1015 1017 1188 1092 experimen·
1220 1049 1221 1098 g

159 1106 265 1159 lotum.
302 1097 358 1170 Qui
376 1099 496 1176 primum
511 1098 674 1156 renuntient
694 1096 763 1170 sibi,
788 1105 892 1175 quanta
909 1099 945 1155 sit
960 1095 1076 1156 humani
1091 1098 1188 1176 ingenii
1220 1123 1221 1136 κ

199 1183 258 1255 vis,
283 1198 366 1258 quarn
389 1189 493 1258 potens
515 1180 663 1240 efficiendi
685 1198 759 1258 quae
785 1180 871 1239 velit:
907 1199 970 1239 cunr
992 1183 1082 1240 maria
1106 1191 1188 1242 trans·

199 1267 257 1340 ire,
274 1265 399 1324 siderum
414 1282 515 1323 cursus
530 1281 724 1340 numerosque
741 1280 941 1340 cognoscere,
957 1263 1093 1323 mundum
1107 1267 1190 1344 ipsum

199 1366 293 1426 paene
310 1348 431 1407 dimetiri
446 1349 574 1407 minores
589 1347 642 1408 sed
657 1347 836 1410 dilliciliores
852 1357 929 1406 artes
945 1349 1100 1424 potuerint.
1112 1349 1190 1411 siun

200 1433 343 1509 cogitent,
367 1439 497 1507 quantam
513 1448 574 1490 rem
589 1439 702 1509 petant,
725 1448 866 1509 quamque
885 1431 980 1490 nullus
1000 1433 1037 1491 sit
1059 1432 1115 1491 boc
1131 1449 1178 1510 pro

163 1517 295 1593 llposito
317 1515 445 1591 praemio
467 1513 551 1574 labor
570 1514 757 1574 recusandus.
790 1514 876 1587 Quod
898 1514 923 1572 si
938 1523 1035 1574 mente
1053 1532 1190 1594 concepe-

199 1600 269 1658 rint:
288 1597 353 1656 buic
369 1613 485 1675 quoque
499 1599 573 1676 parti
587 1597 700 1658 lacilius
712 1597 864 1672 accedent,
880 1607 910 1656 nt
925 1598 1017 1675 ipsum
1033 1599 1091 1657 iter
1103 1617 1191 1678 neque

197 1682 369 1760 impervium
383 1697 478 1758 neque
494 1681 597 1741 saltem
612 1681 710 1742 durum
724 1689 832 1759 putent.
863 1679 934 1740 Nam
950 1680 995 1757 id,
1021 1682 1099 1760 qnod
1120 1685 1191 1760 prius

200 1766 337 1846 quodque
358 1766 448 1824 maius
470 1775 530 1842 est,
557 1773 588 1824 ut
609 1765 677 1824 boni
697 1766 751 1824 viri
774 1766 877 1838 simus,
904 1765 1053 1824 voluntate
1077 1768 1192 1826 manime

201 1858 329 1916 constat;
347 1867 431 1929 quam
444 1849 491 1928 qui
503 1867 573 1908 vera
589 1849 646 1907 lide
659 1849 792 1924 induerit,
808 1848 896 1908 iacile
909 1848 1039 1924 easdem,
1059 1851 1191 1928 quaerir-

161 1943 286 1996 satutem
302 1932 423 2007 docent,
441 1941 519 1993 artes
536 1932 671 2010 accipiet.
700 1930 803 2010 Neque
820 1933 894 1992 enim
909 1941 956 1992 aut
972 1941 1028 1990 tam
1044 1934 1191 2010 perplexa,

202 2027 325 2078 nuttam
346 2033 500 2076 numerosa
521 2025 584 2075 sunt
606 2033 679 2093 quae
701 2025 883 2093 promuntur,
906 2024 1016 2075 utnon
1042 2034 1191 2093 paucorum

202 2101 354 2161 admodum
369 2117 506 2160 annorum
528 2101 686 2159 intentione
708 2100 864 2160 discantur.
896 2098 1025 2176 Longam
1041 2101 1116 2159 enim
1131 2101 1191 2159 lacit

202 2202 332 2263 operam,
346 2183 424 2262 quod
435 2200 642 2262 repugnamns;
655 2182 753 2242 brevis
765 2192 811 2242 est
821 2184 957 2242 institutio
969 2184 1045 2244 vitae
1058 2183 1191 2242 honestae

201 2263 382 2346 beataeque,
404 2269 428 2326 si
443 2268 556 2328 credas.
588 2264 697 2326 Natura
712 2268 787 2326 enim
802 2284 856 2326 uos
871 2266 907 2326 ad
922 2275 1047 2326 mentem
1065 2269 1190 2346 optimam
1219 2287 1220 2310 ³

202 2353 316 2428 genuit,
338 2352 473 2429 adeoque
496 2351 611 2410 discere
634 2350 756 2410 meliora
777 2350 941 2412 volentibus
960 2361 1126 2428 promptum
1144 2359 1189 2422 est,

201 2445 232 2494 ut
245 2452 317 2494 vere
333 2435 451 2493 intuenti
463 2435 562 2493 mirum
578 2435 614 2492 sit
625 2433 695 2493 illud
708 2435 809 2510 magis,
824 2433 917 2494 malos
933 2452 1000 2494 esse
1012 2443 1071 2494 tam
1086 2434 1190 2494 multos.

160 2516 271 2583 13Nam
287 2526 318 2576 ut
334 2536 408 2596 aqua
426 2516 572 2594 piscibus,
595 2525 625 2575 ut
641 2517 719 2577 sicca
740 2519 882 2591 terrenis,
904 2517 1097 2577 circumfusus
1117 2517 1191 2576 nobis

201 2603 319 2680 spiritus
331 2600 499 2660 volucribus
511 2601 659 2660 convenit:
675 2601 713 2660 ita
730 2609 810 2660 certe
825 2601 938 2660 facilius
956 2619 1024 2661 esse
1046 2601 1191 2680 oportebat

204 2685 360 2746 secundum
384 2693 512 2744 naturam
535 2701 619 2762 quam
636 2693 734 2744 contra
752 2702 814 2745 eam
836 2685 948 2743 vivere.
986 2683 1096 2745 Cetera
1117 2701 1190 2745 vero.

204 2770 315 2829 etiamsi
337 2776 460 2828 aetatem
481 2777 606 2826 nostram
628 2783 685 2826 non
701 2769 794 2844 spatio
815 2770 973 2828 senectutis
991 2770 1044 2828 sed
1067 2779 1191 2846 tempore

204 2850 420 2911 adolescentiae
435 2852 599 2924 metiamur,
622 2849 735 2910 abunde
752 2851 857 2911 multos
873 2850 909 2911 ad
924 2851 1094 2912 discendum
1110 2867 1191 2912 annos

203 2933 320 2994 babent.
348 2933 446 2994 Omma
463 2935 537 2994 eninr
551 2933 687 2994 breviora
702 2933 804 3005 reddet
820 2936 891 2995 ordo
908 2942 937 2994 et
952 2937 1025 2994 ratio
1043 2946 1072 2997 et
1087 2936 1190 2996 modus.

124 3025 196 3080 ..14
204 3017 262 3078 Sed
279 3019 364 3096 culpa
381 3027 426 3077 est
439 3018 467 3076 in
482 3017 724 3095 praeceptoribus
739 3019 844 3094 prima,
869 3020 917 3097 qui
932 3017 1058 3079 libenter
1074 3021 1192 3080 detinent

205 3118 277 3182 quos
294 3109 526 3180 occupaverunt,
541 3102 654 3177 ,partim
675 3101 830 3178 eupiditate
848 3102 951 3162 diutius
970 3104 1109 3180 exigendi
1127 3119 1192 3162 rner-

205 3185 323 3246 cedulas
339 3186 441 3263 partim
456 3182 621 3258 ambitione,
638 3200 695 3261 quo
711 3183 855 3244 difficilius
871 3187 907 3244 sit
921 3186 998 3263 quod
1013 3187 1191 3264 pollicentur,

204 3269 307 3346 partim
323 3269 408 3328 etiam
428 3269 579 3328 inscientia
598 3267 730 3327 tradendi
743 3267 791 3328 vel
806 3269 992 3346 negligentia.
1024 3269 1155 3330 Proxima
1168 3267 1192 3324 iu

204 3351 305 3427 uobis,
329 3353 376 3430 qui
393 3353 499 3414 morari
519 3352 546 3430 in
568 3367 605 3411 eo
620 3349 699 3429 quod
713 3353 859 3427 novimus,
885 3370 966 3431 quam
990 3352 1109 3413 discere
1125 3367 1191 3430 quae

122 3463 131 3468 -
165 3435 328 3494 leuandum
344 3437 466 3512 scimus,
489 3435 592 3494 melius
614 3442 755 3512 putamus.
793 3433 865 3495 Nam
882 3445 912 3494 ut
931 3435 967 3496 de
984 3438 1093 3495 nostris
1110 3433 1190 3514 potis·
