2446 3962
292 190 382 238 rusr.
397 147 547 237 ounron.
564 189 633 234 urs.
646 187 678 250 u,
690 184 717 236 a.
732 183 758 236 a.
769 182 795 236 4.
809 183 834 235 5.
1010 172 1068 234 193

84 355 128 406 aut
146 346 352 421 inveniendum,
376 344 453 423 quod
475 360 580 403 causae
602 351 705 420 postea
727 343 897 402 accesserit.
942 339 1098 414 Quorumc
1119 372 1132 386 -

82 431 106 489 si
123 429 189 491 nihil
210 433 280 490 erit:
302 429 372 490 licet
393 437 488 489 tamen
504 427 602 486 dicere
622 426 727 486 multos
743 423 914 486 iudiciorum
930 443 1015 487 casus
1034 427 1071 487 ad

81 513 170 591 inique
195 512 435 592 pronuntiandum
461 509 562 570 valere
589 508 716 588 ideoque
741 508 901 570 damnatum
922 509 1068 587 Rutilium,

80 595 221 658 absolutos
244 595 377 658 Clodium
397 604 483 673 atque
501 573 661 654 (latilinam.
697 592 830 670 Rogandi
847 595 932 653 etiam
948 594 1070 670 indices,

2 698 3 704 ¹
78 689 107 739 nt
131 699 188 741 rem
216 683 313 762 potius
341 682 503 740 intueantur
523 680 631 757 ipsam,
658 695 743 757 mam
769 677 944 737 iuriiurando
974 678 1070 738 alieno

2 757 3 763 ’
79 782 153 824 suum
172 767 288 826 donent.
333 763 482 826 Adversus
499 761 632 822 consulta
654 770 748 821 autem
762 769 879 820 senatus
900 770 929 822 et
951 762 1097 827 decretas

76 849 230 928 principum
250 848 300 909 vel
322 848 538 925 magistratuum
557 845 716 906 remedium
737 844 845 905 uallum
868 854 927 921 est,
948 847 1003 905 nisi
1024 854 1072 905 aut

0 992 1 1001 ,
75 933 182 994 inventa
203 931 455 1012 quantulacunque
470 947 576 990 causae
592 929 754 990 differentia
770 936 819 988 aut
837 928 934 1009 aliqua
948 929 997 990 rel
1020 947 1070 990 eo·

73 1016 186 1077 rundem
213 1017 263 1078 vel
295 1014 424 1076 eiusdem
451 1015 606 1094 potestatis
628 1013 772 1073 hominum
792 1014 941 1092 posterior
964 1015 1071 1074 consti·

73 1100 154 1177 tutio‚·
168 1119 245 1181 quae
260 1101 298 1161 sit
311 1100 402 1179 priori
418 1099 577 1166 contraria;
596 1114 670 1175 quae
691 1097 716 1155 si
729 1095 862 1173 deerunt,
878 1097 914 1157 lis
932 1113 990 1157 non
1005 1099 1069 1159 erit.

350 1266 395 1316 DE
413 1264 505 1316 FAMA
520 1264 629 1322 droun
647 1262 792 1316 Romanu.

147 1363 198 1424 Ill.
234 1363 376 1424 Famam
398 1371 485 1443 atque
506 1377 674 1421 rumores
697 1377 765 1440 pars
781 1360 873 1421 altera
898 1378 1071 1421 eonsensum

71 1447 188 1507 civitatis
205 1457 239 1507 et
255 1446 336 1507 velut
351 1445 497 1526 publicum
517 1447 712 1506 testimouium
726 1453 829 1521 vocat,
852 1445 944 1506 altera
960 1462 1070 1505 sermo·

69 1546 130 1589 nem
144 1533 207 1593 sine
228 1531 290 1592 ullo
303 1539 385 1591 certo
398 1539 517 1590 auctore
529 1530 702 1608 dispersum,
722 1530 768 1589 oui
783 1528 947 1607 malignitas
962 1531 1070 1588 initium

69 1613 189 1693 dederit,
214 1617 425 1676 incrementum
441 1613 614 1683 credulitas;
636 1612 713 1691 quod
725 1613 797 1672 uulli
811 1630 869 1671 non
887 1614 972 1673 etiam
988 1614 1069 1672 inno·

71 1702 235 1761 certissimo
247 1701 342 1779 possit
352 1696 487 1761 accidere
499 1697 788 1757 iraudcinimicorum
800 1695 1068 1774 falsavulgantium.

1 1870 2 1888 Χ
68 1778 204 1864 llnempla
223 1785 358 1861 utrinque
377 1798 435 1842 non
451 1782 581 1841 deemnt.

438 1948 481 1999 DE
497 1945 697 1999 TORMENTIS.

1 2085 2 2128 p
145 2048 195 2109 tv.
234 2049 314 2109 Siout
335 2049 364 2109 iu
384 2048 581 2108 tormentis
608 2061 741 2125 quoque,
771 2045 818 2122 qui
840 2052 885 2104 est
904 2044 989 2104 locus
1011 2044 1071 2105 ire·

1 2139 2 2166 ³
64 2134 289 2210 poentimimus,
313 2149 377 2192 cum
397 2149 466 2211 pars
485 2130 577 2191 altera
594 2131 794 2208 quaestionem
813 2145 883 2189 vera
897 2128 1007 2188 latendi
1020 2145 1070 2187 ue·

63 2219 235 2278 cessitatem
249 2225 349 2292 vocet,
372 2215 464 2276 altera
484 2232 576 2293 saepe
603 2215 689 2273 etiam
711 2229 828 2273 causam
848 2210 924 2271 lalsa
945 2211 1070 2287 dicendi,

64 2299 140 2378 quod
164 2301 233 2362 aliis
257 2301 396 2380 patientia
417 2299 505 2360 facile
526 2297 707 2358 mendacium
727 2296 815 2356 iaciat
836 2295 900 2356 aliis
921 2295 1071 2355 infirmitas

40 2385 276 2446 'necessarium
307 2382 383 2459 Quid
398 2385 500 2444 attinet
514 2383 551 2443 de
565 2381 610 2442 his
624 2377 730 2460 plura?
759 2379 867 2441 Pleuae
883 2388 953 2457 sunt
964 2380 1071 2440 oratio·

61 2483 113 2528 nes
134 2479 276 2530 veterum
297 2485 332 2528 ao
353 2484 502 2528 novorum.
555 2465 703 2541 Quaedam
733 2474 828 2525 tamen
858 2467 887 2526 in
909 2464 964 2544 hac¹
986 2471 1098 2543 partea

62 2562 144 2614 erunt
156 2554 283 2633 propria
295 2553 434 2630 cuiusque
445 2550 514 2610 litis.
544 2548 616 2610 Nam
628 2551 691 2609 sive
704 2549 740 2609 de
752 2547 884 2609 habenda
901 2551 1072 2627 quaestione

61 2646 181 2713 agetur:
206 2636 363 2716 plurimum
373 2636 514 2711 intererit,
534 2635 598 2713 quis
614 2641 643 2695 et
659 2651 745 2712 quem
759 2632 890 2712 postulet
909 2640 956 2692 aut
968 2633 1072 2692 alferat

61 2723 141 2782 etin
164 2740 257 2800 quem
280 2728 309 2780 et
331 2737 369 2782 ex
390 2737 447 2798 qua
467 2736 570 2787 causa;
595 2719 659 2777 sive
678 2719 734 2777 iam
757 2718 812 2776 erit
829 2715 941 2776 habita:
964 2718 1028 2793 quis
1045 2717 1072 2774 ei

60 2805 241 2882 praefuerit,
260 2805 323 2882 quis
340 2812 369 2864 et
385 2803 529 2882 quomodo
546 2803 583 2862 sit
598 2809 702 2877 tortus,
717 2799 897 2860 incredibilia
914 2801 1020 2860 dixerit
1037 2817 1073 2858 an

60 2888 135 2948 inter
150 2908 187 2950 se
209 2889 388 2965 constantia,
405 2886 643 2966 perseveraverit
657 2887 685 2945 in
702 2899 754 2961 eo,
771 2883 850 2964 quod
865 2892 1019 2964 coeperat,
1036 2902 1072 2945 an

1 3017 2 3027 a
59 2972 171 3051 aliquid
187 2973 297 3035 dolore
312 2973 436 3048 mutarit,
454 2973 546 3051 prima
557 2979 640 3050 parte
656 2970 834 3049 quaestionis
846 2985 881 3029 an
892 2972 1071 3048 procedente

61 3058 208 3117 cruciatu.
250 3055 331 3130 Quae
346 3057 480 3134 utrinque
497 3064 554 3116 tam
574 3054 683 3114 inlinita
708 3061 774 3114 suut
796 3070 880 3131 quam
895 3055 958 3133 ipsa
976 3070 1072 3114 rerum

57 3157 59 3168 ¹
115 3142 203 3201 letas.

466 3253 507 3303 DE
527 3252 678 3305 TABULIS.

143 3350 184 3408 V.
221 3345 331 3409 Contra
350 3347 494 3410 tabulas
512 3366 628 3428 qnoque
645 3365 737 3427 saepe
752 3346 904 3410 dicendum
920 3352 982 3420 est,
1008 3361 1072 3403 cum

129 3450 193 3493 non
210 3431 307 3492 solum
328 3432 426 3494 refelli
447 3432 603 3493 sedetiam
624 3433 757 3494 accusari
779 3431 993 3574 sciamup3esse
1014 3428 1072 3488 usi·

147 3539 173 3577 r.
192 3535 312 3586 oumrn.
