2494 3952
205 204 264 269 134
519 208 881 270 m.FhB.QutrtT1u1Attt

202 370 341 448 rhythmis
359 369 451 431 libera
465 368 577 448 spatia,
592 367 691 427 metris
709 363 786 425 finita
802 372 882 434 sunt;
907 372 937 425 et
951 363 995 424 his
1013 370 1112 424 certae
1130 359 1197 425 clau·

202 455 301 531 sulae,
318 455 377 531 illi,
394 454 539 533 quomodo
553 459 730 530 coeperant,
751 457 970 528 curruntusqne
982 447 1019 508 ad
1034 441 1200 527 μεταβολήν,

203 538 232 599 id
254 548 299 599 est
317 540 465 599 transitum
480 539 508 598 in
527 535 604 598 aliud
619 553 713 614 genus
730 533 869 610 rhythmi;
894 541 923 592 et
945 530 1023 612 quod
1043 538 1160 591 metmn
1176 532 1201 590 in

160 623 298 687 tlvcrbis
317 622 420 698 modo,
438 621 588 697 rhythmus
606 621 691 682 etiam
714 620 742 678 in
763 620 896 698 corporis
918 629 997 679 motu
1013 627 1069 679 est.
1113 619 1200 679 luania

186 725 319 788 quoqne
335 716 468 786 tempora
485 705 608 782 rhythmi
630 701 745 773 facilius
762 703 924 782 accipient,
949 720 1111 783 quanquam
1134 702 1199 763 haec

203 801 231 853 et
252 793 281 852 in
303 792 402 851 metris
428 790 571 850 accidunt.
613 789 706 851 llaior
730 795 825 870 tamen
847 786 908 847 illic
932 787 1050 848 licentia
1073 795 1138 864 est,
1158 785 1200 846 ubi

201 885 333 958 tempora
356 875 440 935 etiam
464 873 558 938 animo
579 875 734 936 metiuntur
754 883 783 934 et
800 869 906 954 pedum
927 881 956 931 et
976 870 1130 950 digitorum
1150 873 1199 930 ictu

201 957 353 1019 intervalla
380 959 493 1035 signant
521 957 690 1037 quibusdam
718 960 794 1018 notis
822 967 910 1038 atque
941 957 1110 1032 aestimant,
1139 963 1200 1035 quot

202 1042 309 1103 breves
333 1038 404 1102 illud
429 1043 552 1120 spatium
577 1042 698 1112 habeat;
724 1043 791 1103 inde
817 1035 1005 1122 essedoque,
1031 1035 1200 1119 πεντάσημοι

202 1127 341 1205 deinceps
357 1125 508 1204 longiores
524 1125 593 1186 liunt
609 1127 826 1205 percussiones.
869 1124 942 1187 Nam
956 1129 1077 1205 σημεῖον
1097 1133 1201 1204 tempus

160 1211 265 1280 *otest
280 1227 374 1270 unum.
404 1209 436 1270 ln
456 1212 667 1290 compositione
684 1211 822 1270 orationis
839 1211 947 1270 certior
963 1218 992 1270 et
1010 1209 1102 1287 magis
1122 1210 1202 1269 omni·

202 1295 256 1355 bns
273 1303 373 1374 aperta
389 1295 500 1354 servari
517 1293 604 1355 debet
621 1295 772 1356 dimensio.
818 1293 872 1354 Est
887 1295 974 1372 igitur
988 1295 1018 1353 in
1032 1292 1164 1372 pedibus.

287 1376 323 1438 lit
344 1378 456 1438 metrici
474 1378 589 1457 quidem
610 1378 702 1458 pedes
722 1378 796 1438 adeo
815 1380 999 1457 reperiuntur
1019 1378 1201 1451 lucratione,

202 1471 232 1522 ut
247 1463 277 1520 in
291 1479 326 1520 ea
342 1461 512 1541 frequenter
533 1479 591 1522 non
612 1461 803 1523 sentientibus
819 1462 902 1523 nobis
925 1463 1049 1522 omnium
1070 1479 1202 1541 generum
1233 1487 1235 1514 r

204 1544 337 1605 excidant
360 1563 478 1613 versus;
502 1554 530 1604 et
553 1555 653 1607 contra
676 1546 761 1623 nihil,
785 1546 862 1625 quod
886 1555 931 1607 est
952 1563 1042 1626 prosa
1060 1548 1202 1625 scriptum,

203 1646 259 1689 non
280 1628 373 1707 redigi
400 1629 494 1707 possit
520 1629 548 1687 in
575 1631 716 1708 quaedam
737 1629 949 1692 versiculorum
970 1648 1082 1709 genera
1104 1628 1154 1690 vel
1180 1630 1203 1688 in

160 1711 339 1772 bimembra.
370 1711 429 1772 Sed
441 1714 468 1772 in
480 1712 554 1773 adeo
566 1714 708 1774 molestos
725 1714 873 1775 incidimus
885 1715 1108 1792 grammaticos,
1126 1731 1210 1792 qnan-

202 1796 334 1872 iuerunt‚
356 1797 404 1876 qui
420 1795 588 1872 Lyricorum
605 1798 781 1877 quorundam
799 1799 924 1859 carmina
939 1801 967 1859 in
982 1800 1080 1859 varias
1095 1815 1203 1858 mensu·
1233 1809 1235 1830 *

202 1899 249 1941 ras
272 1889 442 1959 coegerunt.
486 1881 525 1941 ht
546 1880 651 1942 cicero
676 1880 909 1960 frequentissime
927 1882 1012 1958 dicit,
1035 1891 1129 1942 toturn
1153 1881 1203 1940 hoc
1234 1933 1235 1938 ,

204 1974 338 2026 constare
354 1966 494 2034 numeris;
522 1966 648 2044 ideoque
663 1965 884 2046 reprehenditur
902 1985 918 2026 a
939 1965 1128 2046 quibusdam,
1150 1975 1203 2025 tan·
1234 1985 1236 2016 r

160 2050 287 2127 olquam
317 2049 478 2109 orationem
503 2049 538 2109 ad
564 2049 712 2131 rhythmos
738 2050 849 2127 alliget.
903 2050 976 2111 Nam
1006 2061 1074 2112 sunt
1099 2047 1205 2110 numeri

163 2176 166 2182 .
204 2131 342 2274 qhythmi,
362 2140 392 2191 ut
413 2132 525 2211 etipse
544 2135 707 2211 constituit,
726 2143 756 2194 et
773 2136 866 2194 secuti
882 2152 945 2195 cnm
961 2134 1130 2212 Vergilius,
1148 2149 1206 2194 cum

224 2215 272 2275 icit

368 2334 410 2345 -
432 2297 582 2364 Numeros
597 2303 717 2364 memini
725 2350 732 2376 ,
748 2304 777 2364 ci
789 2304 885 2365 uerbo
898 2310 1045 2381 tenerem,

204 2382 383 2443 etHoratius

368 2499 411 2512 -
431 2464 634 2548 Nemesisque
651 2471 753 2548 fertur
771 2469 852 2550 Lege
872 2471 986 2534 solutis.

160 2547 338 2612 bblnvadunt
362 2567 434 2627 ergo
459 2550 533 2611 banc
555 2553 630 2612 inter
652 2563 766 2614 ceteras
783 2572 902 2614 vocem:
924 2552 1031 2634 Neque
1054 2556 1137 2617 casim
1150 2552 1206 2615 De·

201 2634 364 2696 necthebis
378 2634 508 2712 fulmine
528 2642 689 2715 tantopere
704 2640 865 2700 vibratura
886 2637 971 2714 dicit,
993 2639 1056 2700 nisi
1074 2638 1207 2700 numeris

202 2724 339 2780 contorte
351 2719 519 2797 ferrentur.
541 2719 573 2781 ln
589 2738 646 2799 quo
664 2723 689 2782 si
702 2722 760 2782 hoc
775 2724 877 2798 sentit,
894 2723 1042 2802 rhythmis
1054 2729 1206 2785 contorte:
1235 2771 1236 2798 y

202 2801 352 2886 dissentio.
396 2801 468 2863 Nam
488 2803 626 2881 rhythmi,
650 2815 680 2865 ut
701 2805 775 2882 dixi,
801 2824 896 2884 neque
915 2807 1000 2866 linem
1015 2805 1127 2867 habent
1149 2822 1206 2865 cer·

201 2893 259 2943 tum
283 2902 338 2944 neo
358 2885 444 2945 ullam
465 2887 493 2946 in
510 2897 646 2948 contextu
660 2890 846 2967 varietatem,
870 2890 940 2966 scd,
964 2908 1021 2968 qna
1047 2894 1206 2970 coeperunt

202 2967 364 3028 sublatione
380 2987 415 3029 ac
430 2971 591 3048 positione,
609 2974 644 3033 ad
656 2973 740 3033 linem
753 2992 846 3054 usqne
858 2973 1027 3042 decurrunt;
1046 2976 1143 3036 oratio
1156 2988 1205 3031 nou

161 3051 194 3106 56
202 3051 362 3112 descendet
377 3053 412 3114 ad
428 3058 568 3133 crepitum
580 3056 743 3134 digitorum.
767 3056 857 3136 ldque
874 3056 978 3118 Cicero
995 3060 1109 3136 optime
1121 3057 1204 3126 videt,

203 3153 237 3195 ac
255 3145 377 3196 testatur
394 3137 580 3216 frequenter,
604 3159 653 3217 se,
671 3141 748 3219 qnod
764 3159 947 3218 numerosum
968 3143 1021 3217 sit,
1047 3155 1205 3222 quaereret

202 3229 232 3278 nt
247 3220 338 3297 magis
359 3238 416 3280 non
434 3216 604 3303 ἅῤῥυθμον,
628 3226 704 3304 qnod
726 3234 806 3286 esset
820 3227 951 3286 inscitum
967 3235 1055 3304 atquc
1078 3232 1206 3303 agreste,

203 3321 287 3381 quam
310 3303 478 3383 ἔνρυθμον,
506 3307 583 3384 quod
609 3311 755 3386 poeticum
780 3319 841 3386 est,
873 3328 939 3369 esse
966 3311 1207 3388 compositionem

201 3386 282 3447 velit.
325 3388 405 3448 Sicut
428 3390 512 3449 etiam
537 3409 610 3471 quos
637 3392 821 3470 palaestritas
844 3411 910 3453 esse
935 3393 1083 3470 uolumus,
1115 3403 1208 3453 tamen
1235 3427 1236 3430 =

161 3470 275 3529 olesse‘
286 3472 417 3532 nolumus
430 3489 501 3551 eos,
519 3476 567 3552 qui
582 3474 713 3536 dicuntur
727 3467 910 3541 ἆπᾶλαιστοι.
937 3477 1045 3540 Verum
1063 3496 1116 3554 ea,
1135 3491 1208 3554 qnae
