2494 3952
334 211 761 282 rusu.onnnou.urs.rs,s.
777 215 802 266 5.
1015 209 1073 268 ιιι

62 373 123 435 boc
138 373 309 450 contingere
325 389 442 453 semper
455 378 555 451 potest
571 371 743 449 praesertim
759 372 878 447 oratori,
895 373 940 431 cui
955 374 1072 452 saepius

61 457 197 518 scribere
212 456 248 518 ad
262 463 434 536 praesentes
455 472 525 515 usus
545 472 671 514 necesse
693 463 752 524 est;
777 463 807 514 et
830 455 991 516 emendatio
1009 458 1073 536 ipsa

61 542 152 602 linem
167 539 285 602 lrabeat.
313 539 384 602 Sunt
400 540 474 599 eninr
490 540 539 618 qui
550 539 585 600 ad
598 539 692 598 omnin
704 540 811 618 scripta
822 547 955 618 tanquam
969 542 1072 603 vitiosa

9 685 12 694 ,
60 625 350 703 redeant‘et‚'quasi
364 619 435 690 nilril
451 623 495 684 las
512 625 549 682 sit
564 632 674 682 rectum
695 640 763 682 esse
785 622 862 701 quod
878 625 998 703 primum
1015 635 1070 700 est,

60 709 168 770 melius
184 709 349 768 existiment
365 705 502 787 quidquid
521 715 566 766 est
581 707 675 782 aliud,
692 706 780 786 idque
795 707 917 782 iaciant,
937 710 1071 786 quotiens

8 831 9 860 2
60 793 168 854 librum
182 795 212 852 in
226 810 326 854 manus
346 799 575 872 resumpserunt,
592 789 702 850 similes
718 790 838 851 medicis
857 792 941 850 etiam
960 793 1072 869 integra

8 907 11 966 ι
60 874 241 939 secantibus,
283 875 399 936 Accidit
422 877 537 954 itaque,
560 883 591 934 ut
606 874 778 936 cicatricosa
794 877 850 935 sint
867 884 895 935 et
914 879 1071 954 exsanguia

8 1019 9 1028 ,
59 971 93 1021 et
110 979 180 1021 cura
195 961 307 1048 peiora.
351 961 394 1020 Sit
416 977 489 1038 ergo
514 959 668 1038 aliquando
693 959 772 1038 quod
788 958 903 1038 placeat
927 968 975 1019 aut
991 968 1103 1024 certe}
1119 981 1146 998 ···

8 1033 10 1104 l
60 1044 144 1124 quod
166 1044 310 1120 sufficiat,
333 1053 363 1104 ut
383 1061 457 1123 opus
478 1044 570 1123 poliat
593 1043 659 1104 lima
680 1060 738 1103 non
759 1052 882 1105 exterat.
919 1041 1071 1124 Temporis

8 1161 9 1200 3
59 1147 182 1210 quoque
198 1145 265 1188 esse
283 1127 372 1188 debet
387 1127 499 1194 modus,
535 1126 607 1188 Nam
629 1126 707 1206 quod
726 1125 834 1191 Cinnae
855 1127 1005 1204 Zmyrnam
1021 1146 1071 1188 uo·

57 1231 129 1273 vem
143 1214 224 1275 anuis
239 1215 406 1293 accepimus
423 1214 572 1291 scriptam,
591 1220 620 1271 et
631 1211 840 1290 Panegyricum
853 1210 1003 1289 isocratis,
1023 1216 1071 1293 qui

59 1298 246 1378 parcissime,
261 1296 364 1358 decem
375 1297 456 1358 anuis
469 1294 566 1357 dieunt
578 1293 773 1357 elaboratum:
791 1297 826 1357 ad
841 1305 988 1357 oratorem
1001 1297 1071 1357 nihil

59 1383 207 1461 pertinet,
226 1381 306 1441 cuius
322 1381 430 1442 nullum
450 1381 515 1458 erit,
532 1381 556 1439 si
571 1387 629 1440 tam
645 1380 756 1440 tardum
767 1380 864 1458 luerit,
881 1380 1027 1440 auxilium.

349 1534 437 1595 Quas
453 1533 638 1587 SCRIBENDA
651 1534 793 1585 MAlelli.

71 1688 74 1696 Δ
146 1634 1070 1715 V.Pronimumest‚utdioamus‚quaepraeoipuescri·

60 1719 183 1782 benda
202 1720 284 1780 sint.
314 1717 378 1780 lloc
394 1718 579 1780 exuberantis
595 1721 633 1778 sit
649 1718 764 1797 quidem
780 1720 899 1799 operis,
921 1730 951 1779 ut
976 1720 1069 1800 eupli·

61 1821 174 1882 cemus,
191 1823 266 1884 quae
279 1806 334 1864 siut
348 1805 497 1880 materiae,
516 1821 590 1882 quae
606 1803 696 1881 prima
714 1807 763 1862 aut
780 1802 907 1864 secunda
925 1813 973 1864 aut
990 1805 1069 1865 dein-

61 1906 135 1968 ceps
157 1887 305 1950 tractanda
326 1889 395 1958 sint;
421 1888 534 1949 numid
557 1889 663 1948 factum
688 1895 734 1946 est
760 1887 845 1948 etiam
863 1888 955 1965 primo
982 1886 1069 1964 libro,

7 2009 8 2014 κ
61 1990 121 2056 quo
139 1989 304 2054 puerorum,
321 1981 351 2034 et
370 1973 514 2049 seeundo,
534 1988 591 2050 quo
614 1969 808 2031 robustiorum
824 1968 925 2031 studiis
941 1969 1070 2030 ordinem
1147 2003 1154 2016 ι

61 2058 209 2127 dedimus;
231 2057 302 2133 sed,
318 2057 355 2118 de
376 2074 433 2136 quo
456 2074 531 2116 nunc
552 2056 662 2134 agitur,
684 2055 760 2115 unde
782 2054 866 2134 copia
889 2072 924 2115 ac
945 2055 1069 2115 facilitas

7 2207 8 2212 γ
59 2142 187 2202 maxime
202 2143 309 2203 veniat.

7 2291 8 2294 ,
147 2225 309 2286 Vertere
333 2223 476 2287 Graeca
498 2226 532 2284 in
553 2224 848 2284 batinumveteres
864 2223 956 2282 nostri
973 2231 1100 2283 orato-2

7 2335 9 2378 ῑ
58 2328 112 2371 res
131 2311 269 2390 optimum
289 2308 462 2370 iudicabant.
498 2307 531 2368 ld
546 2326 579 2367 se
594 2307 625 2368 L.
647 2305 771 2368 Crassus
794 2307 823 2366 in
842 2305 900 2366 illis
918 2303 1070 2366 ciceronis

7 2437 9 2462 ,
59 2395 99 2454 de
117 2391 241 2455 Oratore
257 2393 338 2455 libris
356 2394 424 2454 dicit
439 2393 597 2454 factitasse.
624 2391 656 2452 ld
671 2389 777 2452 Cicero
792 2409 845 2451 sua
860 2392 924 2469 ipse
942 2408 1069 2469 persona

7 2519 8 2524 κ
58 2480 300 2557 frequentissime
320 2479 477 2559 praecipit,
505 2477 573 2557 quin
601 2476 686 2536 etiam
711 2475 802 2536 libros
827 2474 956 2535 Platonis
983 2485 1070 2553 atque

58 2561 265 2641 Xenophontis
288 2563 377 2624 edidit
396 2561 453 2622 hoc
473 2579 584 2639 genere
597 2559 764 2621 translatos.
798 2557 831 2619 ld
846 2557 991 2619 Messalae
1007 2559 1068 2637 pla·

60 2650 133 2722 cuit,
149 2647 314 2726 multaeque
329 2656 394 2707 sunt
408 2645 443 2707 ab
456 2663 492 2706 eo
504 2647 631 2724 scriptae
644 2644 680 2705 ad
692 2643 767 2704 hunc
778 2641 893 2703 modum
910 2644 1069 2718 orationes,

60 2732 138 2792 adeo
154 2739 185 2790 ut
201 2731 287 2791 etiam
306 2749 370 2792 cunr
385 2730 436 2791 illa
450 2727 607 2808 Hyperidis
621 2743 676 2807 pro
694 2727 808 2804 Phryne
827 2725 995 2786 dilbcillima
1011 2725 1068 2785 llo-

59 2816 153 2876 manis
169 2814 327 2876 subtilitate
343 2814 543 2892 contenderet.
569 2810 768 2873 Etmanilesta
789 2819 835 2872 est
852 2811 1101 2871 exercitationis3
1164 2809 1168 2821 ¹

59 2899 185 2960 huiusce
207 2901 290 2959 ratio.
319 2897 391 2960 Nam
402 2907 431 2959 et
442 2915 539 2959 rerum
555 2897 639 2976 copia
656 2895 759 2957 Graeci
773 2903 910 2956 auctores
926 2893 1070 2954 abundant

60 2991 92 3044 et
109 2982 261 3061 plurimum
277 2985 346 3044 artis
368 2982 397 3042 in
419 2983 615 3062 eloquentiam
632 2979 803 3058 intulerunt,
825 2987 855 3039 et
875 2977 930 3038 lros
948 2978 1070 3038 transle-

59 3066 193 3128 rentibus
204 3065 302 3127 verbis
319 3067 358 3127 uti
374 3068 489 3146 optimis
507 3065 586 3142 licet,
608 3063 738 3124 omnibus
750 3065 826 3124 enim
837 3064 940 3124 utimur
951 3065 1068 3122 uostris.

59 3151 186 3229 Figurae
201 3168 285 3228 vero,
303 3151 406 3230 quibus
424 3152 546 3211 maxime
564 3157 681 3209 ornatur
692 3148 795 3225 oratio,
812 3147 915 3208 multas
928 3147 1069 3207 aerarias

60 3235 250 3314 excogitandi
267 3237 352 3297 etiam
369 3235 531 3296 necessitas
547 3232 687 3312 quaedam
704 3241 765 3309 est,
785 3233 851 3311 quia
867 3230 1070 3310 plerumquea

60 3318 185 3382 Graecis
203 3317 330 3380 llomana
346 3317 527 3379 dissentiunt.

149 3402 208 3463 Sed
232 3411 262 3464 et
283 3401 334 3463 illa
356 3421 400 3462 ex
420 3402 561 3463 Latinis
584 3402 786 3461 conversio
810 3397 927 3459 multum
956 3408 984 3458 et
1005 3401 1098 3476 ipsal

62 3486 229 3547 contulerit.
269 3485 371 3547 Aede
395 3485 566 3547 carminibus
588 3486 702 3564 quidem
724 3485 866 3546 neminem
883 3481 972 3543 oredo
989 3482 1056 3542 dubi

104 3591 136 3630 u.
148 3592 174 3631 r.
187 3589 299 3641 ριιιιιτιι.
312 3575 347 3630 ll.
589 3643 592 3650 ι
880 3565 918 3628 12
