2436 3956
270 152 279 158 ”
335 174 424 222 nisu.
439 171 783 240 onuuoe.n1n.vu1,3.
1017 164 1058 226 23

70 346 133 389 vero
149 346 223 406 quoe
245 334 321 388 tanto
344 335 388 386 est
405 328 487 387 huius
496 317 654 406 ¹prueoisoe
676 327 942 406 comprehensionis
959 346 1063 388 ueces-

67 409 152 472 situs?
183 410 244 486 An,
268 413 292 470 si
308 427 364 470 non
380 410 499 486 dixero,
523 410 619 472 Homo
633 419 678 472 est
692 413 811 474 animal
824 413 951 473 mortale
966 414 1063 474 ratio·

65 497 147 572 nole,
169 503 365 572 conpotem,
389 496 530 572 expositis
554 503 597 554 tot
617 497 750 574 corporis
768 495 909 572 animique
930 497 1063 573 proprie·

64 578 185 654 tutibus,
212 577 296 638 latius
324 579 455 637 oratioue
483 579 568 638 ducta
590 577 639 637 vel
666 597 682 638 a
702 579 756 639 diis
781 596 844 636 eum
865 577 913 636 vel
936 596 952 637 a
977 580 1062 638 mutis

64 657 250 722 discernere?
267 657 374 735 outo?
404 661 481 739 quod
496 679 551 720 nec
566 677 624 720 uno
646 663 731 723 modo
746 661 880 721 delinitur
895 679 943 720 res
961 662 1062 721 eudem
1070 673 1106 730 16

64 745 110 822 (ut
124 743 327 816 iooitssicero:
348 746 423 822 qnid
436 753 482 806 eet
495 746 574 806 enim
588 746 703 825 culpo?
721 746 896 824 uniuersos)
915 753 943 804 et
958 745 1063 804 latiore

65 830 199 906 uarioque
225 836 363 903 tractatu,
390 836 421 886 ut
441 845 540 888 omnes
565 837 697 888 oratores
723 829 1060 908 plerumquetiecerunt.

66 909 215 972 Rarissimo
231 912 306 971 euim
319 911 395 990 opud
411 927 463 971 eos
479 912 642 990 reperietur
656 912 704 972 illo
719 930 757 972 ex
772 911 981 972 cousuetudine
998 911 1061 990 phi·

66 994 249 1073 losophorum
269 995 355 1055 ductu
377 996 502 1055 seruitus
524 995 586 1074 (est
609 1005 690 1056 certe
714 997 855 1076 servitus)
879 995 914 1054 ed
930 1004 1010 1055 certe
1026 1013 1061 1054 se

65 1077 151 1138 verbo
163 1077 354 1156 astringendi,
371 1078 457 1155 idque
472 1078 634 1139 laciendum
646 1081 674 1138 in
689 1078 770 1139 lihris
779 1076 928 1138 Ciceronis
941 1079 977 1139 de
990 1077 1061 1138 Ouu-

65 1169 126 1220 tore
149 1169 227 1222 vetat
249 1160 287 1220 hl.
311 1160 462 1220 Antonius.
491 1161 563 1236 Nom
582 1171 628 1222 est
648 1164 733 1223 etiem
754 1161 967 1241 periculosum,
986 1178 1104 1238 cum,17

65 1245 90 1302 si
113 1262 166 1305 uno
190 1245 284 1314 uerbo
308 1245 344 1305 sit
369 1253 510 1319 erratum,
532 1254 593 1306 tote
615 1263 701 1307 cause
728 1246 873 1306 cecidisse
898 1247 1060 1312 videamur;
1150 1287 1157 1292 -

65 1328 224 1408 optimoque
241 1336 287 1388 est
301 1327 351 1390 illu
365 1328 457 1388 media
471 1330 533 1403 vio,
555 1346 610 1406 qua
629 1331 715 1390 utitur
733 1326 838 1389 Gioero
857 1344 909 1406 pro
923 1326 1062 1403 Caecina,

66 1420 94 1469 ut
112 1429 158 1472 res
173 1419 370 1491 proponatur,
393 1411 482 1472 uerbo
506 1428 563 1471 non
584 1413 794 1491 periclitentur.
830 1409 965 1488 Etenim,
978 1413 1062 1472 reci-

16 1567 17 1570 *
66 1503 233 1572 pecatores,
256 1513 317 1556 non
336 1511 375 1555 eo
395 1497 462 1557 eolo
482 1497 529 1556 oie
550 1506 610 1573 eet,
633 1513 713 1575 quoe
727 1496 772 1557 od
796 1514 908 1575 eorpus
927 1503 1065 1557 nostrum

66 1579 209 1657 situmque
226 1580 385 1658 pervenit,
401 1579 562 1640 sedetiam
576 1582 667 1641 molto
683 1581 782 1640 molor
797 1598 850 1655 en,
868 1596 963 1656 quoe,
976 1579 1063 1658 peri·

70 1661 130 1723 endo
144 1665 251 1724 mortis
276 1663 405 1737 intecto,
429 1661 594 1739 formidine
620 1664 754 1724 animum
774 1665 973 1740 perterritum
997 1663 1064 1722 loco

68 1761 153 1822 eoepe
173 1755 202 1808 ct
222 1753 308 1808 certo
321 1752 402 1806 etotn
417 1747 561 1806 demovet.
589 1745 664 1820 hut,
686 1763 749 1804 cum
769 1745 925 1805 linitionem
942 1749 1107 1822 praece-18
1127 1786 1158 1804 ...

69 1825 105 1885 dit
129 1829 278 1906 probatio,
304 1835 335 1887 ut
360 1829 389 1887 in
411 1826 579 1906 Philippicis
605 1825 710 1888 Cicero
743 1829 875 1887 Servium
903 1827 1063 1905 Sulpicium

15 1961 16 1972 ,
67 1912 186 1972 occisum
208 1912 245 1974 ab
262 1911 387 1971 Antonio
406 1911 519 1988 colligit
536 1920 566 1970 et
587 1913 616 1971 iu
636 1910 765 1972 clausula
791 1910 903 1970 demum
926 1912 965 1970 ita
982 1910 1063 1994 huit:

67 1989 97 2052 le
120 1998 194 2056 enim
217 1995 356 2074 profecto
383 2002 507 2056 mortem
532 1997 648 2072 attolit,
677 1996 730 2073 qui
752 2013 849 2056 conso
870 1995 976 2054 mortis
994 1993 1063 2072 fuit.

67 2072 126 2134 Non
143 2080 310 2156 negaverim
337 2087 448 2154 tomen,
470 2078 544 2138 hoec
568 2096 702 2158 quoque,
730 2087 762 2154 ut
784 2078 921 2156 expediet
945 2093 1062 2150 causae,

15 2227 22 2234 ,
66 2175 129 2218 esse
145 2161 292 2236 faciende,
315 2169 344 2220 et
366 2163 390 2220 si
412 2162 525 2239 quondo
542 2162 620 2222 lirmo
637 2160 842 2240 comprehendi
858 2161 965 2238 poterit
981 2158 1063 2217 brevi

15 2255 18 2264 “
69 2245 212 2321 conplexu
236 2245 393 2304 verborum
413 2244 520 2304 linitio:
543 2264 610 2305 esse
631 2247 660 2306 id
680 2254 738 2305 turn
762 2243 881 2320 elegans
903 2244 1062 2302 tumetium

68 2323 262 2405 fortissimum,
278 2331 303 2388 si
316 2327 402 2387 modo
419 2331 473 2388 erit
489 2327 538 2389 illa
552 2327 793 2407 inexpugnabilis.

144 2410 212 2472 Eius
237 2421 335 2472 certus
358 2411 430 2472 ordo
455 2421 517 2488 est,
546 2413 630 2490 quid
653 2409 723 2473 sit?
747 2429 792 2472 ou
812 2407 967 2470 hoosit‘l
990 2417 1019 2468 ει
1035 2410 1106 2472 inm

67 2488 119 2552 hoo
136 2494 197 2555 lere
219 2496 304 2556 labor
318 2495 408 2555 maior
424 2505 487 2572 est,
507 2505 537 2556 ut
558 2496 713 2557 finitionem
735 2495 904 2570 confirmes,
928 2511 1011 2572 quom
1032 2501 1063 2551 nt

67 2573 93 2632 iu
108 2594 165 2637 rem
179 2579 336 2640 linitionem
351 2578 492 2658 applices.
939 2607 946 2626 ·

143 2660 176 2721 lu
202 2681 256 2739 eo,
284 2663 367 2741 quid
399 2659 467 2723 sit‘t
495 2663 604 2742 duplex
629 2680 703 2740 opus
731 2670 785 2720 est.
822 2660 894 2720 Nom
913 2669 944 2719 ει
964 2667 1063 2718 nostru

67 2742 254 2807 confirmando
276 2755 321 2806 est
343 2756 372 2806 et
396 2746 536 2806 adversae
554 2748 643 2824 partis
662 2744 836 2806 destruenda
851 2743 950 2802 linitio.
979 2741 1109 2804 loeo-uo

53 2839 119 2900 ⁴que
136 2829 163 2886 iu
179 2829 299 2906 schola,
314 2829 362 2890 ubi
377 2829 461 2890 nobis
478 2832 534 2908 ipsi
552 2829 683 2906 tingimus
700 2827 972 2902 contradictionem,
990 2825 1063 2886 duos

68 2918 172 2982 ponere
186 2913 325 2973 debemus
341 2914 430 2989 lines,
452 2913 554 2993 quoles
571 2913 704 2991 utrinque
721 2930 788 2971 esse
803 2912 901 2990 optimi
917 2918 1063 2989 poterunt.

69 2987 104 3047 m
122 2994 149 3051 in
170 2996 235 3056 loro
258 2996 481 3074 providendum,
504 3015 569 3056 uum
589 2996 665 3055 iorte
689 3012 871 3074 supervacua
894 3003 922 3054 et
943 2993 1013 3054 nihil
1028 2991 1064 3052 ed

67 3089 177 3136 oensem
196 3083 343 3157 pertinens
366 3099 401 3141 eu
424 3079 555 3156 ambigue
575 3097 610 3138 eu
630 3081 772 3140 contrario
797 3096 833 3139 cu
855 3078 1011 3138 communis
1027 3077 1065 3134 sit

70 3153 168 3228 initim
184 3179 304 3239 quorum
327 3163 395 3223 nihil
417 3164 554 3242 accidere
570 3164 624 3221 uisi
645 3164 757 3240 agentis
780 3161 865 3240 culpo
884 3169 992 3240 potest.
1027 3157 1107 3220 Utnl

70 3249 144 3300 recte
159 3254 254 3305 autem
274 3246 417 3322 liniamus,
441 3248 480 3306 ito
499 3247 564 3321 liet,
587 3247 611 3304 si
632 3247 711 3323 prius
727 3247 756 3304 in
773 3247 866 3305 animo
882 3243 1063 3304 constitueri-

71 3335 143 3398 mus,
160 3328 226 3404 quid
236 3331 357 3389 velimus
373 3329 503 3390 efficere.
535 3330 584 3389 Sic
596 3331 670 3388 euim
685 3327 897 3388 accommodari
913 3325 948 3386 ed
962 3324 1064 3386 voluu-

53 3407 152 3466 .iatem
171 3411 259 3472 verbe
275 3421 420 3492 poterunt.
454 3413 551 3492 Atque
574 3421 605 3472 ut
625 3430 642 3471 a
659 3413 808 3471 notissimo
832 3408 983 3488 exemplo,
1005 3424 1064 3488 quo
