2494 3952
183 201 242 263 136
506 209 866 269 u.nan.qurun1u1uu1

137 379 244 437 dinam
260 376 289 427 et
306 367 334 426 io
350 367 424 427 haec
439 367 563 426 intentus
579 363 693 424 auditor
709 371 764 423 est.
794 363 854 424 Sed
868 381 967 426 eorum
983 366 1104 428 facilior
1116 373 1194 430 ratio
1233 391 1235 432 ι

181 462 243 526 est,
261 452 409 510 nonenim
427 449 587 510 cohaerent
602 447 654 507 sed
670 446 914 526 praecedentibus
933 451 1081 520 serviunt;
1106 470 1193 513 exor-
1234 435 1235 464 ¹

181 537 256 597 dium
271 543 384 594 sumunt
400 552 464 594 curn
480 551 533 608 ea,
550 530 708 609 quamlibet
723 531 760 590 sit
777 533 967 610 composita·
984 532 1053 612 lpsa
1070 539 1195 612 gratiam

180 619 300 702 perdet,
325 619 349 677 si
370 617 406 678 ad
431 635 494 678 earn
511 625 595 695 rupta
612 615 659 674 via
678 615 852 674 venerimus.
898 615 1029 700 Namque
1059 637 1127 678 cum
1146 619 1178 678 iit

181 712 211 763 ut
232 701 437 762 Demosthenis
453 717 557 761 severa
577 698 709 758 iideatur
727 700 916 778 compositio,
936 703 1055 780 πρῶτον
1075 700 1147 780 μὲν,
1169 727 1195 763 m

180 782 285 867 ἄνδρες
299 777 470 864 Ἀθηναῖοι,
486 787 546 856 τοῖς
563 787 646 854 θεοῖς
663 776 782 860 εὔχομαι
796 785 869 842 πᾶσι
886 781 936 843 καὶ
948 778 1074 859 πάσαις·
1094 796 1125 847 et
1142 787 1194 846 illa

182 872 273 950 (quae
295 871 331 930 ab
352 886 428 944 uno,
450 867 527 947 quod
548 867 654 941 sciam,
680 864 770 925 Bruto
788 869 879 926 minus
895 867 1054 946 probatur,
1082 871 1194 930 ceteris

138 955 295 1034 iilplacet)
314 943 372 1012 nain
388 946 476 1030 μήπω
491 944 586 1033 βάλλῃ
602 947 676 1028 μηδὲ
692 943 809 1034 τοξεύῃ·
833 949 1007 1011 Ciceronem
1025 963 1149 1032 carpant
1164 955 1194 1013 iu

180 1039 240 1099 bis:
263 1036 439 1098 donabaris
458 1042 603 1114 coeperat
624 1053 691 1096 esse
710 1034 899 1110 balneatori,
927 1044 956 1094 et
976 1032 1047 1098 Noa
1066 1039 1195 1099 nimiam

181 1122 264 1184 dara
282 1121 503 1200 archipiratae.
542 1117 615 1179 Nam
635 1119 808 1180 balneatori
829 1127 858 1179 et
879 1119 1095 1197 archipiratae
1116 1121 1195 1182 idem

182 1205 245 1266 linis
267 1214 313 1265 est
330 1205 379 1284 qui
395 1207 468 1264 πᾶσι
484 1196 706 1274 scindentem
722 1202 770 1280 qui
787 1199 860 1280 μηδὲ
876 1198 995 1287 τοξεύῃ·
1023 1202 1078 1265 sed
1091 1206 1195 1284 priora

137 1295 247 1352 65sunt
263 1290 423 1348 severiora.
461 1286 516 1348 Est
531 1288 560 1347 in
575 1303 611 1346 eo
631 1302 749 1366 quoque
764 1286 910 1362 nonnihil,
927 1288 1006 1367 quod
1023 1287 1072 1349 bic
1092 1291 1193 1366 siugu-

181 1373 217 1434 lis
238 1372 337 1434 verbis
356 1372 414 1432 bini
434 1372 526 1450 pedes
543 1371 740 1447 continentur,
763 1371 841 1448 quod
863 1371 950 1430 etiam
969 1373 998 1432 in
1017 1371 1195 1433 carminibus

182 1465 227 1516 est
243 1456 402 1535 permolle;
421 1473 476 1515 noc
491 1454 585 1514 solum
602 1453 651 1513 uhi
669 1455 789 1532 quinae,
811 1463 842 1515 ut
861 1457 890 1514 in
909 1455 971 1531 bis,
989 1456 1126 1532 syllabae
1142 1475 1194 1516 oe·
1235 1489 1237 1518 l

183 1548 312 1615 ciuntur,
335 1538 516 1601 Fortissima
537 1537 806 1616 Tyndaridarum
836 1539 995 1599 sedetiam
1020 1549 1193 1619 quaternae,
1235 1539 1237 1612 ἒ

182 1640 247 1683 cum
267 1641 370 1682 versus
396 1621 521 1683 cluditur
539 1620 700 1700 Apennino
729 1631 758 1683 et
779 1626 976 1684 armamentis
996 1633 1027 1683 et
1052 1621 1195 1687 Oreione.
1235 1619 1237 1700 i

138 1708 174 1764 66
183 1705 280 1782 Quare
301 1706 358 1767 bac
380 1723 498 1787 quoque
511 1705 657 1766 vitandum
673 1714 734 1782 est,
753 1724 790 1766 ne
810 1707 934 1785 plurium
953 1705 1134 1784 syllabarum
1148 1708 1192 1768 his
1235 1709 1237 1790 ᾗ

181 1791 280 1852 verbis
298 1800 410 1851 utamur
424 1792 454 1849 in
471 1791 538 1850 bne.
1235 1795 1237 1830 l

266 1873 369 1935 Mediis
385 1891 501 1954 quoque
518 1891 575 1934 non
591 1891 626 1934 ea
641 1873 726 1934 modo
744 1891 812 1934 cura
827 1874 880 1950 sit,
898 1883 929 1934 ut
944 1875 1069 1936 interae
1086 1876 1191 1936 cobae-

182 1967 281 2034 reant,
308 1958 361 2018 sed
376 1961 532 2038 ne'pigra,
556 1976 594 2017 ne
610 1957 697 2035 longa
715 1959 786 2033 sint,
807 1975 861 2033 ne,
885 1958 962 2036 quod
978 1977 1054 2019 nunc
1070 1955 1193 2020 maxime
1236 2019 1238 2028 ,

182 2044 280 2101 vitium
306 2051 366 2117 est,
394 2045 524 2104 brevium
551 2050 688 2100 contextu
713 2041 856 2101 resultent
882 2060 917 2102 ac
942 2060 1044 2102 sonum
1072 2043 1192 2104 reddant

138 2125 173 2180 67
183 2142 276 2204 paene
292 2125 445 2203 puerilium
460 2124 715 2206 crepitaculorum.
754 2124 826 2185 Nam
841 2133 871 2184 ut
887 2127 965 2186 initia
982 2127 1192 2205 clausulaeque
1237 2189 1238 2192 ,

182 2209 334 2287 plurirnnm
349 2211 486 2270 momenti
507 2208 633 2283 habeut,
657 2209 790 2286 quatiens
808 2209 907 2287 incipit
922 2227 1027 2269 sensus
1044 2221 1094 2270 aut
1116 2211 1190 2270 desi·

182 2293 238 2352 nit:
266 2295 309 2353 sic
324 2295 352 2352 io
367 2293 469 2354 mediis
486 2309 603 2372 quoque
618 2301 683 2352 sunt
699 2292 814 2372 quidam
830 2303 968 2370 conatus,
990 2294 1069 2373 iique
1086 2295 1192 2354 leviter

182 2376 324 2436 insistunt.
370 2375 552 2437 currentium
569 2393 639 2455 pes,
659 2378 770 2436 etiamsi
791 2393 848 2436 non
865 2387 1007 2454 moratur,
1027 2387 1126 2438 tamen
1142 2395 1189 2437 ve·

182 2460 298 2535 stigium
320 2458 399 2518 iacit.
444 2459 546 2538 ltaque
569 2477 627 2519 non
648 2459 734 2520 modo
756 2460 882 2522 membra
904 2470 992 2540 atque
1008 2463 1100 2522 ineisa
1116 2460 1190 2521 bene

182 2543 312 2620 incipere
329 2551 417 2622 atque
436 2543 512 2603 cludi
528 2543 629 2621 decet,
646 2544 800 2604 sedetiam
818 2545 846 2604 in
862 2545 911 2621 iis,
937 2563 1012 2623 quae
1031 2562 1089 2605 non
1105 2545 1189 2605 dubie

183 2633 319 2686 contexta
333 2634 398 2685 sunt
410 2645 467 2687 nec
478 2628 671 2706 respiratione
683 2637 815 2704 utuntur,
831 2629 874 2689 illi
888 2628 937 2688 vel
953 2629 1061 2689 occulti
1073 2628 1187 2708 gradus.

136 2708 254 2784 tiSQuis
276 2711 350 2770 enim
371 2711 498 2786 dubitet,
527 2729 612 2770 unurn
637 2730 754 2773 sensum
777 2713 806 2771 in
830 2712 888 2773 hoc
908 2721 938 2772 et
955 2731 1042 2772 unurn
1062 2714 1188 2792 spiritum

182 2811 265 2854 esse:
281 2793 509 2873 Animadverti,
530 2797 665 2872 indices,
681 2813 798 2857 omnent
813 2799 1006 2859 accusatoris
1024 2799 1187 2860 orationem

181 2879 213 2938 in
229 2881 308 2939 dnos
329 2881 461 2941 dinisam
482 2898 550 2941 esse
562 2883 692 2958 portes?
707 2889 812 2951 ,tameo
832 2889 862 2941 et
877 2880 934 2940 duo
949 2883 1042 2959 prima
1055 2879 1145 2940 verba
1158 2886 1186 2938 et

181 2961 235 3021 tria
251 2963 382 3039 proxima
397 2972 427 3023 et
441 2963 582 3042 deinceps
598 2963 655 3023 duo
672 2982 772 3022 rursus
788 2981 824 3024 ae
838 2965 892 3024 tria
908 2982 978 3024 suos
994 2967 1078 3044 quasi
1094 2980 1184 3024 nune·

180 3061 232 3104 ros
248 3044 354 3106 babent
369 3047 499 3126 spiritum
515 3049 710 3123 sustinentes,
729 3050 804 3108 sicut
819 3049 894 3127 apud
907 3047 1086 3124 rhythmicos
1104 3046 1181 3108 aesti-

138 3137 302 3193 69mantur.
346 3128 407 3190 Hae
429 3129 588 3210 particulae
612 3140 699 3210 prout
714 3140 779 3192 suut
802 3150 925 3210 graves,
953 3151 1057 3208 acres,
1083 3133 1181 3203 lentae,

185 3213 317 3290 celeres,
334 3215 489 3289 remissae,
509 3214 687 3275 exultantes:
706 3216 828 3294 proinde
844 3216 889 3292 id,
906 3215 983 3295 quod
996 3235 1034 3276 ex
1049 3216 1106 3276 illis
1121 3230 1180 3274 eon-

183 3297 294 3374 licitur,
306 3305 354 3357 aut
367 3315 502 3356 severum
516 3307 566 3358 aut
577 3299 755 3361 luxuriosum
767 3309 815 3359 aut
827 3300 995 3378 quadratum
1007 3309 1056 3359 aut
1067 3299 1179 3360 solunn

139 3388 176 3444 '0
184 3381 248 3440 erit.
294 3379 442 3454 Quaedam
463 3382 549 3442 etiam
568 3383 716 3442 clausulae
734 3392 799 3443 sunt
814 3383 936 3444 claudae
956 3393 1044 3463 atque
1063 3381 1179 3464 penden-

182 3471 245 3539 tes,
275 3465 300 3521 si
321 3465 536 3544 relinquantur,
567 3466 620 3526 sed
645 3465 834 3544 sequentibus
856 3467 966 3547 suscipi
995 3484 1030 3527 ac
1056 3460 1180 3526 sustineri
1236 3489 1238 3534 ς

71 3648 145 3676 μ’*
