2470 3962
187 177 249 240 258
519 184 882 246 u.rxa.qururrctxu1

187 362 268 420 uum,
291 346 356 421 quia
374 342 415 402 liti
430 343 494 421 ipse
511 359 568 402 con
585 341 707 415 scilicit,
725 348 772 398 aut
788 337 892 416 aliquis
910 357 946 402 ex
964 357 1000 398 eo
1018 357 1126 416 genere
1146 339 1193 398 ad·

186 437 367 501 vocatorum,
386 428 434 503 qui
446 443 479 486 se
491 443 547 486 non
560 443 650 503 posse
664 440 754 500 agere
767 423 952 492 confitentum
971 422 1076 482 deinde
1088 424 1194 498 iaciunt

187 511 215 571 id
230 511 307 589 quod
325 512 414 570 estin
431 509 545 586 agendo
564 507 771 571 difficillimum.
803 505 874 570 Nam
890 507 938 586 qui
955 507 1105 582 iudicare,
1128 507 1195 585 quid

187 595 350 670 dicendum,
367 593 435 672 quid
450 591 701 667 dissimulandum,
720 591 788 670 quid
804 590 1005 652 declinandum
1021 592 1194 664 mutandum,

189 679 351 754 lingendum
368 679 454 740 etiam
465 679 511 752 sit,
529 685 637 756 potest,
655 694 707 736 cur
718 691 775 734 non
787 675 823 734 sit
840 684 955 736 orator:
972 675 1102 752 quando,
1120 675 1194 755 quod

159 763 333 829 edifficilius
352 770 413 838 est,
442 771 588 822 oratorem
610 755 701 822 faciti
733 757 767 818 Hi
792 775 881 836 porro
902 776 959 818 non
980 768 1090 818 tantum
1109 778 1194 819 ncce-

187 856 267 922 rent,
291 847 315 906 si
328 845 421 906 onmia
436 845 616 918 scriberent,
634 845 674 903 uti
691 853 775 920 gesta
792 852 866 902 suut.
898 840 981 905 Nunc
998 843 1195 904 consiliumet

188 930 307 990 colores
326 929 461 990 adiiciunt
480 939 509 989 ει
526 928 624 1008 aliqua
645 930 747 1005 peiora
762 927 860 1002 veris,
886 945 960 1006 quae
976 925 1116 1006 plerique
1136 947 1195 988 cum

187 1022 515 1092 acceperuut,‚mutare
531 1011 615 1074 nolas
631 1010 739 1074 habent
758 1019 786 1070 et
803 1009 882 1070 velut
897 1009 1025 1072 themata
1042 1013 1071 1071 in
1088 1011 1195 1071 scholis

188 1099 283 1176 posita
299 1097 472 1157 custodiunt.
506 1096 620 1157 Deinde
636 1094 892 1174 deprehenduntur
906 1104 936 1154 et
951 1111 1092 1171 causam,
1115 1113 1194 1176 quam

187 1181 304 1242 discere
321 1198 358 1242 cx
370 1181 430 1240 suis
441 1179 634 1258 litigatoribus
647 1179 811 1254 noluerunt,
829 1197 866 1238 ex
880 1179 1060 1248 adversariis
1073 1180 1193 1240 discunt.

158 1264 320 1330 tliberum
335 1265 422 1341 igitur
436 1264 536 1325 demus
553 1273 618 1324 ante
636 1266 730 1326 omnia
744 1265 797 1337 iis,
819 1280 945 1342 quorum¹
961 1263 1115 1340 negotium
1134 1266 1194 1336 erit,

188 1359 352 1426 tempusue
369 1349 482 1425 locum,
505 1347 748 1426 exhortemurque
766 1346 859 1421 ultro,
877 1355 907 1405 ut
925 1349 1019 1406 omnia
1039 1348 1195 1424 quamlibet

186 1432 315 1492 verbose
331 1441 360 1491 ει
376 1432 451 1492 unde
466 1432 567 1500 volent
582 1433 707 1510 repetita
726 1449 763 1490 ex
784 1441 916 1508 tempore
939 1441 1101 1508 exponant.
1135 1431 1194 1490 Non

188 1518 261 1576 enim
284 1525 341 1576 tam
364 1515 449 1576 obest
471 1517 571 1578 audire
591 1534 772 1594 supervacua
792 1532 874 1594 quam
895 1516 1032 1591 ignorare
1057 1534 1195 1576 necessa·

159 1603 239 1663 eric.
270 1597 452 1676 Frequenter
474 1608 567 1660 autem
591 1609 621 1658 et
642 1599 745 1660 vulnus
764 1608 793 1658 et
814 1598 972 1660 remedium
988 1599 1016 1658 in
1038 1599 1073 1658 iis
1097 1610 1196 1660 orator

187 1684 333 1756 inveniet,
351 1700 426 1760 quae
447 1683 586 1760 litigatori
607 1684 635 1744 in
656 1694 785 1745 neutram
802 1691 914 1760 partem
934 1681 1045 1744 hahere
1067 1701 1194 1744 momen·

187 1776 245 1826 turn
263 1766 443 1828 videbantur.
474 1767 537 1828 Nec
561 1775 638 1828 tanta
661 1770 697 1832 sit
718 1777 819 1828 acturo
838 1767 996 1829 memoriae
1020 1765 1147 1846 fiducia,
1168 1777 1194 1828 ut

188 1851 375 1915 subscribere
391 1851 488 1912 audita
504 1853 612 1928 pigeat.

272 1934 337 1996 Nec
351 1935 442 1996 semel
459 1935 575 1996 audisse
590 1937 626 1994 sit
642 1935 728 2002 satis3
752 1935 902 2014 cogendus
919 1935 1021 2009 eadem
1040 1936 1147 1998 iterum
1162 1955 1192 1996 ac

188 2020 306 2096 saepius
320 2019 421 2080 dicere
435 2019 575 2096 litigator,
591 2035 649 2080 non
661 2019 755 2078 solum
766 2021 834 2098 quia
846 2019 976 2096 effugere
991 2019 1091 2100 aliqua
1107 2023 1191 2098 prima

188 2103 371 2179 expositione
399 2111 572 2181 potuerunt,
607 2105 778 2181 praesertim
805 2103 947 2165 hominem
976 2105 1079 2182 (quod
1106 2123 1191 2184 saepe

188 2188 299 2264 evenit)
323 2188 501 2265 imperitum,
523 2187 683 2250 sedetiam
706 2196 737 2246 ut
759 2188 899 2264 sciamus,
924 2206 960 2248 an
981 2188 1087 2251 eadem
1109 2190 1188 2250 dieat.

157 2269 302 2332 9Plurimi
327 2273 401 2332 enim
425 2273 597 2332 mentiuntur
618 2281 663 2346 ει,
694 2281 827 2349 tanquam
850 2272 1054 2333 condeceant
1078 2290 1190 2334 causan

187 2354 239 2412 sed
256 2364 358 2429 agant,
374 2371 432 2414 non
449 2365 479 2415 ut
495 2375 559 2416 cum
576 2365 700 2434 patrono
716 2357 768 2416 sed
783 2365 814 2418 ut
830 2374 894 2416 cnm
911 2355 1006 2416 iudice
1024 2355 1188 2436 loquuntur.
1220 2413 1222 2430 Ι

187 2436 373 2514 Quapropter
388 2456 530 2516 nunquam
546 2439 793 2503 satiscredendutn
805 2449 861 2514 cst,
874 2441 927 2500 sed
938 2441 1093 2516 agitandus
1107 2440 1189 2500 omni·
1218 2433 1221 2496 l

140 2519 238 2582 lobus
262 2519 354 2580 modis
377 2531 405 2582 ct
427 2522 584 2585 turbandus
603 2533 632 2583 et
649 2525 825 2584 evocandus.
858 2521 931 2586 Nam
948 2534 979 2586 ut
993 2525 1119 2584 medicis
1138 2541 1188 2584 nou
1220 2519 1221 2526 '

186 2607 355 2681 apparentia
380 2607 466 2668 modo
494 2609 562 2668 vitia
585 2609 708 2671 curanda
737 2617 803 2668 sunt
829 2608 881 2670 sed
906 2610 991 2688 etiam
1018 2609 1187 2670 invenienda

186 2705 260 2764 quae
279 2689 386 2766 latent,
408 2708 498 2768 saepe
515 2693 586 2770 ipsis
603 2709 654 2766 ea,
675 2694 724 2769 qui
739 2693 856 2756 sanandi
872 2701 954 2769 sunt,
972 2691 1187 2754 occulentibus:

185 2773 223 2830 ita
246 2773 403 2834 advocatus
419 2775 517 2852 plura,
540 2777 845 2853 quammaximum,
872 2778 1004 2854 aspiciat.
1037 2774 1111 2836 Nam
1129 2793 1187 2836 cun

186 2857 255 2914 satis
277 2857 305 2914 in
329 2858 471 2919 audiendo
493 2861 651 2936 patientiae
672 2859 860 2937 impenderit:
886 2863 913 2922 in
935 2861 1020 2922 aliam
1041 2878 1141 2920 rursus
1164 2859 1186 2918 ei

187 2955 341 3015 personam
357 2943 560 3004 transcundum
573 2951 636 3018 est,
658 2945 845 3022 agendusque
861 2945 1061 3020 adversarius,
1081 2960 1185 3022 propo·

185 3021 309 3082 nendum
326 3024 462 3102 quidquid
479 3029 593 3088 omnino
616 3030 777 3103 excogitari
797 3037 1024 3106 contraponat,
1051 3025 1185 3108 quidquid

184 3107 291 3184 recipit
308 3108 336 3166 in
348 3109 489 3168 eiusmodi
504 3110 718 3190 disceptatione
729 3121 839 3173 natura.
866 3111 1094 3190 interrogandus
1107 3128 1184 3190 quam

143 3201 176 3254 ll
186 3190 373 3251 infestissime
389 3211 424 3254 ac
439 3195 623 3271 premendus.
654 3193 726 3256 Nam
741 3196 806 3257 dum
821 3199 914 3265 omnia
930 3196 1114 3274 quaerimus,
1138 3195 1184 3254 ali·

187 3275 302 3352 quando
319 3277 486 3354 adrerum,
503 3279 550 3340 ubi
565 3280 679 3340 minime
695 3282 931 3358 expectavimus,
946 3280 1142 3359 pervenimus.

272 3357 304 3417 ln
325 3377 433 3420 summa
455 3363 578 3440 optimus
595 3374 639 3424 est
654 3364 682 3424 in
697 3364 836 3426 discendo
852 3375 990 3443 patronus
1011 3362 1184 3426 incredulus.
1215 3347 1218 3376 ¹

186 3440 326 3501 Promittit
344 3446 416 3504 enim
434 3445 562 3522 litigator
579 3449 683 3524 omnia,
700 3457 806 3509 testem
822 3449 971 3527 populum,
991 3449 1185 3527 paratissimas
