2436 3956
207 187 248 248 50
526 171 891 256 amnemamnem

206 346 346 432 prosequi
359 363 417 408 nou
427 349 521 428 possit
535 349 672 424 intentio,
688 365 744 408 ueo
753 347 926 407 traiectione
940 343 1014 405 ultra
1025 343 1127 404 modum
1138 342 1175 417 by·

206 434 319 516 perbati
334 434 397 492 liuis
413 434 475 492 eius
492 431 650 493 differatur.
691 431 801 504 Quibus
819 429 911 490 adbuc
926 429 1011 508 peior
1026 436 1070 487 est
1081 427 1177 486 mixtura

205 517 377 592 verborum,
394 515 486 595 qualis
500 518 528 575 iu
541 515 592 576 illo
606 533 694 575 versu
805 508 809 514 ’

289 600 381 661 Scau
394 607 505 661 ooouct
515 597 606 674 lectt,
622 599 731 660 mediis
745 600 824 676 qltue
837 599 871 659 ic
884 593 1043 675 dototibus,
1058 608 1135 652 oros.

164 681 298 746 15Etlam
320 685 520 744 interiectione
542 683 614 762 (qua
635 692 664 742 et
684 689 816 742 oratores
838 691 867 741 et
888 679 1020 740 historici
1039 677 1181 754 frequentur

206 776 337 843 utuntur,
363 775 393 827 ut
409 766 504 826 medio
521 781 655 827 sermone
673 766 798 843 aliquem
818 765 945 824 luserant
967 761 1097 840 sensum)
1113 761 1181 834 lupe

207 853 260 912 diri
283 851 361 911 solet
385 850 569 925 intellectus,
600 851 670 924 uisi,
700 848 777 927 quod
801 847 1010 926 interponitur,
1037 844 1123 904 breve
1142 847 1181 898 est

206 933 278 1076 pam
292 933 439 1009 Vergilius
454 933 506 994 illo
519 933 604 1008 loco,
623 948 680 1008 quo
698 931 807 1010 pullum
823 931 957 1009 equinum
973 926 1123 1001 describit,
1137 935 1182 982 cuo

225 1017 338 1091 ixisset,

152 1146 155 1156 .
466 1095 532 1160 Nee
551 1114 647 1158 cocos
667 1097 771 1159 torret
790 1098 945 1176 strepitus,

205 1181 402 1262 compluribus
417 1182 532 1240 insertis
552 1179 608 1241 alia
622 1179 713 1258 figura
729 1182 826 1259 quinto
843 1179 954 1239 demum
969 1196 1060 1240 versu
1074 1175 1148 1248 redit,

287 1299 330 1311 -
346 1301 384 1310 -
404 1263 495 1340 Tum,
517 1266 546 1324 sa‘
561 1281 622 1343 quo
642 1283 748 1326 sonum
759 1264 873 1343 procul
885 1279 976 1324 ormo
998 1263 1120 1335 dedere,

288 1347 381 1409 Stare
398 1350 464 1409 loeo
479 1349 585 1411 nescit.

162 1431 324 1496 militanda
340 1433 368 1490 lu
383 1429 481 1508 primis
497 1430 685 1507 ambiguitas,
707 1446 764 1490 uou
779 1429 854 1489 baec
869 1428 982 1504 solum,
1004 1428 1041 1488 de
1060 1425 1133 1486 oulus
1145 1433 1179 1496 ge

204 1531 275 1574 uere
295 1531 381 1592 supra
403 1512 507 1572 dictum
530 1522 591 1588 est,
613 1529 687 1590 quae
703 1514 841 1572 incertum
865 1510 1047 1571 intellectum
1067 1507 1141 1568 lacit:
1160 1505 1179 1556 tl

205 1595 390 1658 Chremetem
411 1597 519 1657 oudioc'
538 1597 733 1676 percussisse
751 1595 908 1664 Demeam·
935 1594 988 1654 sed
1008 1595 1059 1654 illa
1078 1599 1178 1668 quoties

204 1697 293 1757 quae,
308 1679 418 1738 etiamsi
433 1675 549 1739 turbare
565 1696 623 1739 nou
637 1687 737 1758 potest
751 1693 885 1753 sensum,
900 1677 928 1736 iu
939 1678 1017 1738 idem
1032 1685 1123 1737 tameo
1134 1681 1178 1724 rer·

203 1762 304 1830 borum
320 1764 419 1822 vitium
434 1762 549 1839 incidit,
565 1773 595 1823 ut
610 1765 635 1822 si
652 1765 716 1841 quis
734 1762 827 1836 dicat,
849 1763 948 1822 oleum
966 1781 987 1822 o
1009 1779 1044 1822 se
1058 1755 1179 1840 bominem

202 1848 313 1908 librum
335 1847 526 1909 scribentem.
568 1845 639 1906 Nam
660 1847 770 1904 etiamsi
794 1843 896 1904 librum
917 1843 953 1904 ab
978 1842 1093 1904 bomine
1115 1829 1192 1896 scrib:

203 1939 298 2008 patet:
320 1928 395 1989 male
410 1937 505 1988 tameo
520 1930 717 2008 composuerit
733 1929 894 2007 feceritque
916 1926 1093 2005 ambiguum,
1115 1929 1179 1996 quau·

203 2020 260 2071 tum
275 2014 303 2071 iu
323 2014 387 2090 ipso
403 2011 466 2086 futu,
950 2080 953 2085 Ι

162 2103 195 2158 17
288 2093 341 2154 Est
364 2092 497 2156 etiamid
519 2093 687 2174 quibusdam
706 2091 790 2154 turba
811 2095 934 2154 inanium
954 2093 1121 2162 verborum,
1136 2077 1179 2174 ull

203 2179 268 2239 dum
290 2193 467 2240 communem
486 2178 624 2257 loquendi
643 2195 752 2240 morem
775 2175 979 2253 reformidant,
1009 2176 1084 2238 ducti
1102 2174 1178 2246 spectt

202 2262 303 2322 ultoris
332 2266 507 2323 circumeunt
531 2264 623 2322 omnia
642 2264 763 2341 copiosa
785 2261 977 2339 loquacitate,
1008 2275 1082 2339 quae
1104 2252 1178 2312 dicere

203 2346 319 2413 uoluut;
342 2347 433 2424 ipsam
455 2343 559 2405 delude
579 2345 656 2405 illam
672 2345 779 2405 seriem
794 2361 857 2404 curu
874 2342 930 2404 alla
951 2343 1038 2404 simili
1052 2337 1178 2413 iungentes

195 2429 434 2506 miscentesque,
459 2428 533 2487 ultra
562 2441 646 2506 quam
668 2428 744 2488 ullus
765 2429 882 2506 spiritus
901 2425 1006 2487 durare
1022 2423 1125 2508 possit,
1144 2423 1178 2471 tl·

161 2509 329 2572 18teuduut.
369 2509 401 2569 lu
416 2509 474 2569 hoc
490 2509 593 2570 malum
609 2529 625 2570 a
642 2510 809 2588 quibusdam
826 2512 910 2570 etiarn
925 2509 1085 2574 laboratur:
1106 2503 1179 2572 ΜΨ

202 2594 232 2654 id
246 2610 352 2653 novum
372 2591 470 2652 vitium
487 2602 548 2669 est,
574 2612 637 2653 cum
658 2597 713 2655 iam
730 2593 805 2674 apud
821 2593 913 2653 Titum
928 2591 1038 2654 Livium
1053 2583 1177 2651 inveniam

202 2677 294 2736 fuisse
310 2685 533 2755 praeceptorem
545 2677 685 2755 aliquem,
702 2678 750 2756 qui
762 2675 920 2756 discipulos
936 2671 1108 2744 obscurare,
1122 2667 1178 2758 (lili

203 2761 356 2835 dicerent,
372 2759 501 2834 iuberet,
525 2759 638 2820 Graeco
652 2757 744 2821 verbo
762 2769 846 2820 uteus
864 2755 1006 2820 σκότισον.
1050 2752 1126 2818 unde
1143 2737 1177 2801 ¹¹¹⁸

205 2842 318 2902 scilicet
334 2845 455 2920 egregia
475 2841 615 2903 laudatio:
637 2841 732 2905 Toeto
753 2845 878 2913 medeor,-
900 2861 939 2904 ae
954 2863 1009 2922 epo
1020 2839 1134 2922 quidem
1145 2826 1193 2916 'iii

155 2932 194 2986 19
202 2927 313 2988 telleai.
346 2925 422 3001 Alli,
438 2925 608 2986 brevitatem
620 2927 754 2987 aemulati
766 2927 932 2986 necessaria
947 2942 1063 3006 quoque
1079 2909 1193 3020 oratioup

202 3005 372 3068 subtrabunt
386 3009 476 3068 verba
494 3018 538 3084 et,
560 3010 641 3069 uelut
656 3012 726 3069 satis
741 3011 779 3068 sit
799 3011 875 3070 scire
894 3011 992 3088 ipsos,
1015 3023 1086 3088 quae
1099 2999 1193 3098 uicere,

201 3090 306 3167 velint,
336 3101 469 3170 quantum
496 3090 532 3151 ad
557 3091 630 3152 alios
656 3094 817 3172 pertineat,
846 3090 916 3153 nihil
937 3101 1044 3172 putant.
1082 3083 1117 3145 Al
1133 3081 1176 3147 08⁰

202 3175 326 3234 otiosum
342 3189 504 3234 sermonem
520 3173 655 3255 dixerim,
678 3193 765 3254 quem
782 3174 895 3238 auditor
910 3193 963 3236 suo
981 3173 1092 3253 ingenio
1111 3148 1175 3222 irtel·

201 3258 274 3335 ligit.
317 3257 453 3333 Quidam,
477 3259 609 3319 emutatis
624 3259 652 3316 iu
673 3276 843 3337 perversum
858 3259 971 3320 dicendi
989 3255 1099 3338 liguris,
1118 3240 1193 3334 ideo,

158 3343 297 3401 bovitium
314 3349 537 3419 consequuntur.
570 3338 697 3402 Pesslma
712 3357 784 3405 vero
802 3351 867 3402 sunt
881 3335 1055 3421 ἀδιανόητα,
1069 3337 1119 3396 boo
1131 3321 1173 3387 0⁸¹²

203 3441 277 3501 quac
300 3423 396 3484 verbis
412 3433 513 3503 aperta
530 3423 664 3484 occultos
680 3441 783 3485 sensus
800 3422 973 3501 labeum-ut
996 3424 1067 3486 Cam
1085 3411 1174 3476 ducor
