2436 3956
167 189 208 252 66
490 198 526 245 ns.
541 197 618 244 ssa.
632 197 852 256 cerneremur
882 223 886 232 «

138 354 381 438 4ᾳεοε1εηιιηοᾱο
400 369 488 430 supra
503 368 650 412 summum.
684 349 820 410 Omnibus
836 349 880 410 his
896 349 1074 410 enituisset
1090 367 1163 408 anun
1185 345 1186 352 ’

170 439 321 502 Ciceronis
339 436 520 515 exemplum:
537 433 673 496 Facinus
688 444 731 496 est
745 434 863 518 uincire
878 436 976 496 civem
992 433 1164 506 Romanum,
1187 493 1189 518 ἡ

168 526 270 587 scelus
284 524 465 596 uerberare,¹
475 537 573 598 prope
585 519 796 598 parricidium
817 537 948 580 necere:
973 518 1056 596 quid
1073 517 1165 578 dicem
1187 531 1189 554 r

168 609 201 670 iu
222 625 346 671 crucem
368 605 495 666 tollere?
534 601 607 662 Nam
632 610 675 678 et,
701 601 855 661 sitantum
878 599 1060 660 verberatas
1087 606 1165 672 esset,

170 709 225 751 uno
243 687 334 768 gradu
349 689 522 762 increverat,
538 686 672 764 ponendo
689 685 773 744 etiam
794 685 822 744 id
843 703 911 744 esse
934 685 1085 763 fecimus,
1102 679 1166 760 quod
1190 709 1191 764 p

140 785 233 840 serat
248 774 382 840 inferius;
400 779 439 846 et,
461 771 486 829 si
503 779 609 830 tantum
626 770 741 830 occisus
758 777 853 844 esset,
878 768 1054 847 perplures
1072 764 1167 843 grados
1190 777 1191 804 ³

169 858 354 924 ascenderam
373 873 436 915 cum
451 870 522 913 vero
546 853 670 928 dixerit,
695 870 794 931 prope
813 853 1026 931 parricidium
1052 865 1167 920 accere,

169 961 256 1021 supra
273 939 350 1018 quod
365 937 434 997 nihil
451 946 510 1011 est:
528 937 633 996 adiecit
649 937 726 1014 quid
742 937 888 998 dicemiu
903 954 1035 996 crucem
1053 931 1167 995 tollere?
1192 955 1193 994 i

168 1025 221 1100 lta,
235 1042 299 1084 cum
316 1022 354 1094 id,
375 1021 452 1100 quod
466 1020 616 1080 maximum
634 1028 694 1094 est,
711 1027 902 1096 occupasset:
919 1036 1053 1078 necesse
1074 1024 1134 1076 erat
1146 1015 1167 1072 in

141 1118 218 1184 seo,
238 1106 314 1186 quod
330 1106 404 1165 ultra
423 1113 478 1179 est,
495 1102 586 1162 verba
607 1101 744 1162 delicere.
783 1100 828 1163 Fit
848 1111 878 1162 et
892 1099 978 1161 aliter
991 1119 1089 1181 supra
1104 1115 1167 1158 sum·
1192 1119 1193 1130 ¹

168 1210 243 1251 mum
259 1190 394 1264 adiectio,
411 1198 441 1248 ut
456 1189 532 1266 apud
547 1186 706 1264 Vergilium
721 1186 758 1246 de
773 1184 884 1246 Lauso:

626 1305 667 1312 -
683 1287 740 1349 quo
751 1270 911 1348 pulchrior
927 1271 1011 1330 citer

281 1355 348 1420 Nom
366 1357 442 1434 fruit,
472 1361 599 1433 eccepto
627 1351 792 1415 Laurentis
813 1371 943 1433 corpore
968 1351 1081 1429 Turni.

170 1441 313 1502 Summum
329 1448 373 1498 est
390 1440 474 1512 enim,
492 1453 550 1514 quo
561 1437 722 1516 pulchrior
731 1439 810 1498 alter
821 1457 880 1498 riou
890 1437 970 1516 suit,·
987 1435 1062 1496 huic
1075 1429 1167 1494 deinde

142 1521 277 1601 taliqnid
293 1523 516 1601 superpositum.
554 1519 668 1579 Tertius
691 1537 807 1599 quoque
826 1529 870 1580 est
885 1521 1007 1594 modus,
1035 1519 1073 1578 ad
1095 1530 1166 1595 qoem

169 1624 226 1666 non
246 1621 300 1682 per
321 1605 429 1682 gradus
450 1605 506 1662 itur
529 1612 558 1662 ει
574 1603 651 1681 quod
671 1620 728 1663 non
750 1613 794 1663 est
817 1605 899 1683 plus,
924 1603 1103 1676 maximum,
1125 1595 1166 1658 sel

100 1745 102 1750 .
170 1707 227 1768 quo
246 1687 316 1748 nihil
333 1688 421 1748 maius
437 1696 491 1746 εει.
528 1685 658 1748 Matrem
680 1697 763 1749 tuum
784 1689 933 1750 cecidisti.
961 1685 1060 1760 -Quie
1077 1686 1165 1744 dicam

168 1775 324 1852 amiplius?
361 1762 491 1832 Matrem
514 1779 599 1832 tuom
620 1771 768 1832 cecidisti.
815 1768 889 1830 Nam
915 1780 944 1829 et
968 1765 1028 1830 hoc
1052 1763 1166 1845 augendi

168 1876 261 1936 genus
288 1865 349 1931 est,
377 1855 616 1933 tantumaliquid
646 1855 783 1929 efficere,
811 1863 841 1914 ut
857 1866 914 1914 non
942 1857 1042 1932 possit
1065 1849 1165 1927 augeri.

35 1987 38 1991 -
140 1940 285 2007 acrescit
309 1940 403 1999 oratio
427 1940 517 1998 minus
537 1946 638 2015 aperte
661 1938 713 1997 sed
734 1940 835 1997 nescio
857 1957 893 1998 an
915 1937 975 2008 hoo
990 1938 1061 2016 ipso
1079 1935 1165 1995 ellicu-

170 2026 254 2097 cius‚
279 2041 342 2082 curn
359 2024 430 2082 citra
448 2021 659 2100 distinctionem
681 2024 710 2080 in
731 2029 869 2082 contextu
892 2031 921 2081 et
942 2039 1030 2081 cursu
1059 2031 1166 2094 semper

168 2106 276 2185 aliquid
298 2107 395 2184 priore
417 2105 506 2164 maius
529 2105 702 2182 insequitur:
726 2114 755 2164 ut
778 2105 814 2165 de
836 2107 945 2165 vomitu
967 2105 995 2164 in
1016 2102 1162 2166 Antonium
1191 2167 1192 2180 χ

171 2188 290 2266 Cicero,
307 2187 345 2250 Iu
361 2199 447 2251 coetu
461 2189 650 2267 oeropcpuli
671 2188 816 2266 Romami,
838 2191 991 2268 negotium
1015 2189 1163 2268 pubiicum
1192 2180 1193 2210 ¹

166 2294 296 2353 percus,
319 2275 465 2352 mepister
494 2275 635 2351 equitum.
671 2272 789 2349 Singula
820 2274 1028 2333 incrementum
1056 2270 1160 2332 habent
1191 2275 1193 2368 p

168 2357 224 2417 Per
248 2376 281 2416 se
304 2356 434 2416 deforme
457 2355 506 2415 vel
529 2358 635 2415 nonin
658 2365 744 2418 coetu
764 2373 901 2433 vomere,
927 2359 955 2415 in
983 2367 1072 2417 coetu
1089 2353 1161 2413 edan
1192 2396 1193 2427 p

134 2448 136 2452 ’
168 2458 225 2499 non
237 2441 354 2520 populi,
370 2439 471 2518 populi
488 2439 573 2499 etiam
594 2456 652 2499 non
677 2439 824 2515 Romami,
848 2440 898 2500 vel
914 2442 938 2500 si
954 2439 1065 2500 nullum
1081 2451 1160 2513 nepo·
1190 2473 1193 2528 5

169 2525 241 2584 dum
257 2532 370 2601 ageret,
388 2522 437 2581 vel
456 2523 480 2582 si
496 2540 552 2581 non
566 2523 731 2601 publicum,
748 2523 796 2583 vel
812 2524 837 2582 si
854 2541 911 2583 non
922 2525 1073 2602 mopister
1088 2515 1161 2598 epiri·

142 2615 242 2674 aium.
274 2607 333 2667 Sed
350 2606 423 2666 alius
438 2606 580 2666 divideret
602 2605 676 2666 haec
703 2615 732 2666 ει
748 2608 825 2667 circa
841 2608 973 2685 singulos
988 2604 1100 2686 gradus
1110 2615 1161 2662 mo·

169 2701 297 2759 raretur3
320 2691 369 2750 hio
389 2691 416 2749 in
437 2689 559 2750 sublimo
581 2691 665 2750 etiam
689 2693 814 2750 cucurrit
839 2701 867 2750 ει
893 2691 928 2750 ad
951 2710 1092 2752 summum
1112 2698 1158 2746 non

137 2797 138 2800 ¹
170 2777 303 2852 pervenit
317 2776 380 2834 nisu
396 2774 448 2834 sed
463 2775 580 2852 impeta.

150 2923 155 2931 ,
253 2859 361 2918 Verum
382 2868 412 2918 ut
445 2858 519 2918 haec
550 2857 734 2936 amplificatio
762 2859 790 2917 in
812 2859 964 2937 superiora
989 2859 1093 2918 tendit:
1117 2857 1157 2924 ita,

170 2957 244 3017 quae
264 2943 295 3001 lit
310 2960 364 3020 per
385 2944 718 3021 comparationem,
741 2944 946 3002 incrementum
962 2938 1158 3002 exminorilrrs

169 3025 251 3102 petit.
283 3024 427 3103 Augendo
450 3027 534 3101 enim,
552 3025 629 3105 quod
648 3035 692 3084 est
715 3025 805 3102 infra,
827 3043 952 3086 necesse
974 3037 1019 3085 est
1044 3019 1158 3086 extollat

168 3107 211 3182 td,
235 3109 312 3187 quod
334 3128 421 3188 supra
443 3111 569 3188 positum
586 3117 648 3168 est:
671 3118 701 3168 ut
725 3110 799 3169 idem
815 3119 901 3188 atque
917 3112 945 3169 in
968 3111 1071 3170 eodem
1088 3109 1156 3174 loco,

123 3190 204 3251 rost
219 3192 275 3252 troc
290 3193 344 3254 tibi
359 3195 440 3253 iuter
454 3209 582 3255 coemam
597 3201 626 3254 et
643 3194 676 3252 iu
698 3193 758 3254 illis
773 3195 956 3254 immanibus
969 3193 1091 3272 poculis
1105 3185 1158 3250 tuit

166 3276 342 3352 accidisset,
359 3279 426 3354 quis
442 3295 502 3336 uou
517 3285 607 3354 turpe
624 3278 777 3337 duceret?
808 3275 846 3338 Io
866 3285 952 3340 coetu
973 3296 1047 3339 vcro
1063 3265 1156 3356 populi

167 3357 298 3420 Romami
314 3395 364 3417 —.
401 3359 438 3418 Ει
454 3360 482 3419 in
498 3357 663 3420 Catilinam:
688 3359 779 3422 Servi
787 3411 789 3416 .
801 3361 988 3422 mehercules
1004 3360 1101 3422 meisi
1114 3367 1154 3414 mv

164 3443 224 3506 isto
240 3452 334 3524 pocta
355 3451 535 3521 metuerem,
560 3451 594 3508 ut
614 3453 642 3509 te
663 3451 798 3509 metuunt
813 3463 915 3506 omues
932 3446 1014 3507 sices
1032 3445 1089 3506 tui:
1109 3437 1152 3500 do·

154 3706 197 3713 Δ...
