2446 3962
331 175 763 244 susmonuuonmunusqo.
984 165 1043 228 179

64 330 196 410 rimasse,
222 334 251 396 si
271 331 371 393 nunna
391 331 452 392 aim
480 333 606 393 deornm
626 331 836 412 hominumque
851 333 986 412 famam,
1013 341 1046 396 ot

61 413 133 475 iilum
151 417 245 496 ipsam
272 423 394 480 noctem
418 415 566 494 facesque
586 415 659 477 iilos
678 417 848 497 nuptiales!
874 437 934 481 non
955 419 1045 479 limen

63 499 195 562 cubiculi!
218 521 279 564 non
300 500 400 562 cubile
420 499 521 577 filiae!
552 517 613 566 oon
638 502 775 579 parietis
799 503 930 581 denique
950 504 1045 582 ipsos,

14 589 16 635 l
62 585 234 660 superiorum
254 592 345 647 testes
363 583 558 662 nuptiarum!
605 583 730 646 Sermo
752 603 825 645 vero
845 603 1004 646 aversus
1029 603 1103 660 ³106

19 721 20 728 ,
60 664 166 726 iudice
186 678 214 728 et
228 669 346 730 brevius
362 668 468 728 indicat
483 668 596 727 interim
611 676 641 728 et
656 671 788 747 coarguit
801 670 909 748 magis,
931 688 987 749 qua
1008 670 1044 730 de

59 764 87 806 re
99 749 182 826 idem,
197 751 275 831 quod
289 752 318 810 in
332 751 484 829 prooemio
499 751 645 826 dixeram,
662 755 773 829 sentio,
798 753 873 813 sicut
890 753 927 813 de
941 771 1043 832 proso·

58 837 170 910 popoeia
198 853 331 915 quoque:
362 852 417 914 qua
438 845 533 896 tamen
556 851 613 894 nou
639 834 758 897 Servius
783 837 869 898 modo
899 837 1044 916 Sulpicius

58 916 132 976 utitur
144 936 195 997 pro
209 919 338 981 Aufidia:
355 917 507 982 Somnoce
519 927 547 981 te
561 920 741 998 lonquidcm
751 938 795 984 aa
803 923 897 1000 qraoi
906 921 1046 1000 letborpo

56 1009 144 1075 poian
161 1005 363 1084 oppressam?
391 1003 444 1065 sed
458 1001 497 1062 bl.
514 1020 630 1082 quoque
649 1003 760 1065 Tullius
777 1006 856 1066 circa
870 1004 1044 1081 nauarchos,

58 1081 126 1158 (nam
141 1105 172 1146 ea
187 1105 305 1168 quoque
320 1089 363 1146 rei
379 1088 523 1166 expositio
541 1088 607 1165 est)
633 1085 671 1148 Ut
685 1089 796 1165 adem,
812 1098 928 1152 tontum
943 1089 1044 1164 dubis,

9 1167 10 1178 ¹
58 1168 206 1250 etreliqua.
241 1167 337 1246 Quid?
356 1187 410 1249 pro
428 1168 573 1246 Cluentio,
589 1172 698 1231 Staieni
709 1171 852 1249 Bulbique
868 1173 1046 1250 colloquium
1054 1185 1103 1240 107

9 1279 10 1286 κ
56 1267 138 1312 nonne
159 1257 193 1316 ad
214 1255 396 1316 celeritatem
417 1255 567 1334 plurimum
588 1263 617 1314 et
639 1254 675 1316 ad
694 1255 780 1315 iidem
798 1253 934 1316 confert?
964 1254 1046 1329 Quae

9 1359 11 1370 ν
56 1349 86 1392 ne
98 1335 200 1399 iecisse
217 1339 434 1401 inobservantia
447 1338 568 1418 quadam
587 1337 735 1415 videatur,
758 1357 918 1420 quanquam
939 1339 997 1400 boc
1010 1340 1046 1399 in

55 1417 98 1477 illo
117 1423 253 1484 credibile
276 1430 414 1498 nonest,
435 1423 465 1481 in
482 1421 685 1482 Partitionibus
705 1427 874 1503 praecepit,
897 1434 926 1484 ut
941 1423 1046 1485 babeat

9 1501 11 1538 ³
56 1507 165 1565 namatio
180 1509 362 1583 suavitatem,
384 1506 604 1582 admirationes,
622 1509 854 1586 expectationes,
874 1510 968 1568 exitus
983 1509 1045 1566 ino·

9 1597 11 1604 ’
54 1587 170 1666 piratas,
186 1592 337 1670 colloquia
352 1606 557 1670 personarum,
574 1607 674 1650 omnes
691 1592 822 1653 affectus.
853 1592 1104 1670 Argumenta-108

9 1669 12 1707 ἓ
54 1665 142 1748 bimur,
157 1685 186 1735 ut
200 1677 271 1751 dixi,
284 1692 442 1753 nunquam;
461 1685 708 1752 argumentum
722 1693 862 1754 ponemus
874 1676 1044 1755 aliquando;

9 1766 12 1774 ·
54 1755 121 1828 quod
140 1758 209 1819 lacit
224 1776 280 1839 pro
296 1759 411 1836 Ligario
428 1755 545 1833 cicero,
563 1777 626 1818 cum
641 1759 720 1835 dicit,
738 1762 781 1820 sic
797 1778 861 1820 eum
875 1760 1045 1838 provinciae

9 1837 12 1874 ³
54 1839 219 1919 praefuisse,
241 1852 274 1904 ut
296 1842 339 1903 illi
353 1859 457 1922 pacem
472 1859 540 1901 esse
557 1842 717 1920 expediret.
748 1842 911 1902 luseramus
927 1843 1045 1920 exposi-

53 1919 113 1981 tioni
134 1934 161 1984 et
180 1927 318 2002 brevem,
348 1944 412 1986 oum
432 1942 481 1986 res
502 1934 623 2004 poscet,
645 1925 845 1987 defensionem
862 1933 891 1985 et
906 1927 1045 1986 rationem

9 2032 10 2048 κ
52 2003 190 2070 laetorum.
222 2011 328 2090 Neque
344 2011 419 2070 enim
437 2010 608 2071 narrandum
624 2019 668 2071 est
685 2018 818 2090 tanquam
833 2011 901 2070 testi
917 2010 970 2072 sed
984 2018 1043 2070 tan·
1052 2021 1103 2076 109

9 2087 11 2125 l
54 2104 127 2164 qoam
141 2103 274 2171 patrono.
304 2093 359 2154 Rei
378 2094 451 2156 ordo
465 2113 520 2173 per
535 2113 568 2155 se
582 2095 648 2156 talis
665 2103 725 2156 est:
743 2093 779 2168 Q.
800 2093 947 2176 Liqcmns
962 2096 1043 2173 leqn·

20 2218 23 2265 t
52 2178 94 2231 tos
108 2171 138 2234 O.
155 2175 299 2242 Considio
309 2180 480 2258 profectus.
508 2178 583 2252 Quid
599 2195 671 2257 ergo
687 2177 726 2238 bl.
744 2174 879 2238 'lulliusl
905 2175 941 2250 Q.
954 2179 1044 2253 enim,

51 2254 140 2335 inquit,
161 2259 319 2342 lipacius,
341 2281 410 2324 cum
426 2270 506 2325 esset
525 2263 696 2326 molletello·
710 2263 857 2342 suspicio,
875 2261 995 2340 leqatas
1009 2263 1041 2322 ic

48 2335 178 2416 bacam
197 2367 268 2409 cum
291 2343 325 2408 0.
349 2342 492 2410 Ummidio
515 2347 675 2426 profectus
704 2353 760 2409 est.
802 2344 840 2406 llt
858 2345 944 2408 alibi:
972 2342 1041 2408 Non
1051 2357 1104 2411 110

49 2426 129 2487 ooodo
148 2430 192 2492 cd
213 2431 325 2494 bellum
338 2430 396 2494 sed
413 2449 453 2492 ne
470 2431 515 2494 od
527 2432 682 2494 asininam
702 2431 825 2510 quidem
843 2431 1046 2511 mspidonem

18 2552 20 2563 ,
49 2503 120 2570 belli.
160 2511 198 2574 Et
216 2533 282 2577 cum
299 2522 381 2575 esset
393 2513 553 2576 indicaturo
573 2516 659 2591 satis,
684 2513 721 2590 Q.
744 2513 890 2594 Lipariua
908 2515 992 2576 nodo
1011 2532 1046 2574 se

18 2659 19 2668 ἵ
49 2591 194 2669 implicari
217 2600 338 2679 nepotio
364 2617 480 2679 passus
500 2606 563 2661 est:
585 2599 711 2677 adiecit,
742 2601 864 2660 domum
888 2605 1045 2677 spectans,

17 2684 20 2724 l
51 2675 90 2736 od
106 2684 301 2746 macredine
321 2684 459 2762 cripiens.
495 2681 554 2760 Ita,
575 2683 653 2762 quod
676 2682 857 2760 exponebat,
881 2691 910 2741 et
932 2682 1044 2742 ratione

15 2771 16 2780 ¹
49 2755 112 2820 lecit
121 2766 268 2828 credibile
287 2776 316 2828 et
331 2767 438 2829 affectu
453 2784 571 2848 quoque
587 2765 726 2845 implevit.
759 2765 824 2840 Quo
846 2766 939 2842 magis
957 2766 1102 2830 mirorlll

52 2856 113 2920 eos,
141 2851 188 2926 qui
212 2869 272 2912 non
299 2859 398 2930 putant
419 2850 555 2911 utendum
580 2851 609 2910 in
635 2851 800 2911 narratione
824 2848 1042 2910 aflectibus.
1109 2891 1112 2894 -

51 2921 137 2997 outa
153 2931 211 2994 boc
227 2935 342 3012 dicunt,
366 2951 436 2995 non
459 2934 662 3012 diuaeque
688 2943 724 2994 ut
744 2935 777 2993 in
793 2932 961 3013 epilogo:
984 2951 1043 2994 me·

14 3026 17 3043 ·
52 3017 273 3088 consentinam
299 3017 484 3098 effugiendae
504 3027 570 3078 sunt
593 3019 667 3077 enim
688 3033 797 3078 morae.
834 3014 970 3078 Ceterum
992 3034 1044 3077 cur

52 3109 100 3164 ei*
117 3097 239 3163 iudicem
264 3101 369 3180 nolim,
392 3103 457 3164 dum
480 3120 546 3162 eum
564 3099 675 3178 doceo,
698 3103 783 3162 etiam
801 3097 944 3162 movere?
976 3095 1044 3174 Gur,
1054 3109 1103 3162 112

52 3191 68 3252 q
117 3181 166 3242 lin
184 3197 294 3248 summa
314 3195 396 3266 parte
418 3184 624 3268 sumbactionis
643 3187 804 3263 petiturus,
830 3203 888 3246 non
908 3184 1042 3263 imprimo

52 3266 69 3316 ⁵¹
113 3281 135 3324 .n
149 3285 245 3330 rerum
261 3273 411 3350 ingressu,
428 3272 453 3332 si
464 3271 526 3332 beru
616 3277 660 3343 st,
676 3265 859 3350 consequar?
881 3285 945 3328 cam
961 3283 1044 3345 prae·

52 3359 69 3397 ⁸⁴
115 3365 140 3410 m
155 3353 240 3413 etiam
256 3355 286 3414 in
298 3352 516 3434 probationibus
531 3357 634 3423 lacilio
649 3393 650 3396 κ
668 3369 696 3416 m
710 3354 763 3414 sim
780 3354 901 3414 animum
915 3352 977 3411 eius
995 3349 1044 3410 ha·

52 3420 68 3481 Ι)
129 3451 151 3464 ·”
169 3447 343 3518 occupatum
364 3438 412 3500 vel
427 3441 469 3502 ira
484 3259 748 3530 νῇεοιῶῃο.
784 3436 907 3580 Anlppn
921 3433 959 3494 bl.
976 3431 1106 3498 'lul-113
