2494 3952
353 199 442 248 mar.
456 199 605 250 onnuon.
619 199 792 268 mn.1x,4.
1020 191 1077 252 129

66 374 235 437 quanquam
256 363 286 413 et
308 354 327 414 ii
341 354 397 432 ipsi
417 355 491 414 inter
512 373 545 415 sa
560 354 715 415 dissimiles
724 355 855 416 luerunt.
894 353 967 416 Nam
982 376 1077 436 neque

65 441 142 501 illud
166 441 195 498 in
210 437 295 514 Lysia
309 437 423 523 dicendi
444 447 553 498 textum
574 446 661 498 tenue
682 448 768 517 atque
792 457 887 499 rasum
908 440 1077 502 laetioribus

66 524 199 584 numeris
215 521 456 600 corrumpendum
472 531 547 590 erat;
564 522 740 601 perdidisset
755 523 829 584 enim
845 526 985 601 gratiam,
1002 543 1078 604 quae

64 610 96 668 in
113 624 152 667 eo
175 607 297 666 maxima
319 614 380 682 est,
404 606 543 686 simplicis
566 615 653 684 atque
674 607 831 667 inallectati
856 607 979 683 coloris,
1009 627 1076 686 per-

64 691 193 752 didisset
209 688 294 749 iidem
312 706 439 769 qnoque.
480 687 552 750 Nam
572 689 720 750 scribebat
739 691 820 767 aliis,
842 708 899 750 non
918 693 982 771 ipse
998 691 1076 752 dice-

63 774 134 849 bat,
154 783 185 834 ut
206 773 368 852 oportuerit
386 791 454 834 esse
474 773 525 834 illa
544 773 662 834 rudibus
683 783 712 836 et
737 775 936 854 incompositis
958 776 1076 846 similia;

64 857 149 937 qnod
165 859 260 936 ipsum
276 858 449 935 compositio
468 865 522 916 est.
567 856 604 917 m
619 857 775 934 historiae,
798 877 874 937 quae
894 860 1120 924 commode-18

7 989 10 1022 η,
62 941 119 1002 bet
143 959 179 1002 ac
193 940 280 1016 farri,
300 942 391 1000 minus
408 941 613 1000 convenissent
627 942 793 1002 insistentes
814 942 962 1003 clausulae
984 951 1013 1001 et
1027 943 1076 1003 de-

7 1095 9 1102 ,
61 1025 128 1086 bita
147 1024 308 1086 actionibus
324 1026 479 1102 respiratio
495 1033 524 1084 et
540 1024 672 1086 cludendi
686 1024 897 1105 inchoandique
918 1029 1076 1088 sententias

65 1111 158 1170 ratio.
202 1108 234 1168 ln
253 1108 434 1169 contionibus
450 1109 565 1188 quidem
586 1111 671 1168 etiam
690 1109 822 1171 similiter
839 1110 972 1170 cadentia
988 1128 1075 1188 quae·

63 1193 135 1254 darn
158 1201 187 1252 et
207 1193 404 1270 contraposita
431 1192 644 1271 deprehendas.
689 1192 720 1254 ln
742 1192 892 1253 Herodoto
917 1210 990 1254 varo
1013 1212 1076 1254 cum

62 1277 167 1337 omnia
183 1276 228 1354 (ut
244 1293 301 1354 ego
316 1276 430 1354 quidem
445 1278 555 1356 sentio)
572 1276 676 1336 leniter
690 1276 796 1352 fluunt,
820 1286 878 1336 tum
899 1279 962 1356 ipsa
981 1272 1076 1338 duciis-

62 1382 139 1432 κτος
170 1359 258 1420 babet
282 1377 345 1420 eam
375 1360 595 1437 iucunditatem,
630 1370 661 1420 ut
686 1361 809 1420 latentes
834 1361 918 1420 etiam
941 1378 1076 1421 numeros

64 1443 226 1522 complexa
251 1443 393 1503 videatur.
437 1443 496 1504 Sed
519 1445 555 1504 de
584 1446 800 1523 propositorum
822 1444 989 1504 diversitate
1010 1450 1120 1524 post19

65 1528 198 1608 paulum.
235 1526 334 1604 Nunc,
351 1545 425 1606 quae
441 1530 520 1606 prins
536 1529 588 1605 iis,
610 1531 657 1608 qui
673 1537 754 1589 recte
772 1545 949 1608 componere
965 1529 1075 1600 volent,

66 1610 209 1674 discenda
225 1611 291 1670 sint.

157 1693 211 1755 Est
228 1697 315 1772 igitur
333 1705 399 1756 ante
421 1697 514 1755 omnia
532 1697 624 1755 oratio
641 1696 697 1756 alia
717 1697 812 1756 vincta
830 1707 917 1774 atque
941 1706 1076 1756 contexta

67 1778 169 1839 soluta
188 1779 259 1856 alia,
283 1779 376 1858 qualis
398 1781 426 1838 in
442 1796 577 1839 sermone
595 1787 624 1838 et
642 1779 790 1858 epistolis;
814 1781 869 1838 nisi
887 1798 951 1839 cum
969 1780 1076 1858 aliquid

68 1881 161 1940 supra
186 1873 314 1923 naturam
329 1881 408 1923 suam
423 1872 564 1939 tractant,
585 1871 616 1922 ut
636 1862 672 1922 de
690 1862 891 1941 philosophia,
916 1863 952 1922 de
974 1881 1007 1922 re
1025 1881 1076 1941 pu·
1130 1859 1133 1870 ’

68 1946 168 2022 blica,
189 1946 338 2006 similibus.
379 1947 464 2020 Quod
478 1964 535 2007 non
552 1962 589 2006 eo
606 1945 694 2022 dico,
714 1947 779 2024 quia
799 1964 856 2005 non
871 1945 941 2005 illud
959 1955 1122 2024 quoqucbo

7 2101 8 2104 Ἴ
68 2030 199 2091 solutum
222 2030 328 2091 habeat
349 2048 419 2090 suos
440 2031 581 2109 quosdam
603 2039 631 2090 et
651 2030 773 2091 iorsitan
789 2029 970 2090 difficiliores
991 2031 1077 2088 etiam

68 2114 179 2195 pedem
202 2117 390 2193 nequeenim
414 2124 462 2176 aut
484 2114 565 2175 hiare
583 2131 699 2192 semper
720 2113 871 2174 vocalibus
893 2123 941 2174 aut
962 2113 1078 2173 destitui

69 2198 254 2276 temporibus
269 2199 369 2259 volunt
391 2216 488 2260 sermo
504 2206 590 2277 atque
607 2197 749 2276 epistola;
773 2200 900 2260 sednon
918 2197 1007 2256 bunut
1022 2215 1078 2255 nec

69 2281 232 2344 cohaerent
250 2301 305 2344 nec
322 2281 412 2342 verba
427 2282 525 2343 verbis
546 2281 675 2357 trabunt,
694 2290 725 2341 ut
744 2283 841 2360 potins
857 2281 969 2340 laxiora
985 2282 1013 2339 in
1033 2279 1078 2339 iris

69 2364 188 2426 vincula
204 2385 287 2445 qnam
307 2366 385 2429 nulla
401 2368 467 2426 sint.
511 2364 720 2444 Nonnunquam
740 2367 768 2424 in
785 2366 879 2425 causis
896 2363 1121 2442 qucquam-21

69 2449 191 2511 notibus
212 2453 298 2512 decet
323 2450 423 2511 eadem
448 2449 633 2529 simplicitas,
661 2467 735 2527 quae
757 2467 815 2509 non
833 2448 919 2508 nullis
941 2447 993 2507 sed
1014 2447 1078 2506 aliis

70 2536 161 2594 utitur
184 2537 326 2612 numerio,
351 2534 567 2612 dissimulatque
592 2551 644 2593 eos
666 2542 695 2593 et
722 2543 830 2594 tantum
851 2532 1004 2593 communit
1029 2549 1077 2590 oc·

58 2618 188 2680 ‚multius

138 2729 140 2734 ·
158 2701 196 2762 m
211 2702 261 2763 illa
274 2721 404 2763 connexa
420 2705 514 2762 series
529 2711 589 2761 tres
605 2699 692 2762 habet
705 2701 827 2761 lormas:
847 2699 985 2773 Incisa,
1004 2711 1123 2776 quaeat
1218 2761 1221 2768 Δ

71 2781 208 2863 κόμματα
222 2786 368 2863 dicuntur,
392 2785 566 2863 Membra,
584 2803 658 2863 quae
676 2787 771 2862 κῶλα,
785 2783 979 2862 περίοδον,
1003 2799 1077 2860 quae

73 2879 119 2938 est
139 2869 188 2929 vel
209 2869 332 2930 ambitus
351 2870 400 2930 vel
419 2870 644 2932 circumductum
668 2869 717 2929 vel
741 2868 918 2928 continuatio
940 2865 989 2925 vel
1010 2882 1078 2926 con·

73 2952 176 3013 clusio.
215 2954 247 3013 ln
263 2956 338 3014 omni
355 2971 444 3033 porro
462 2954 673 3033 compositione
690 2953 743 3013 tria
762 2961 827 3012 sunt
847 2969 958 3030 genera
975 2968 1078 3010 uoces·

71 3039 165 3098 saria:
190 3037 278 3113 ordo,
295 3039 442 3114 iunctura,
459 3055 604 3102 numerus.

158 3119 280 3182 Primum
301 3122 446 3200 igitur-de
471 3122 612 3182 ordine.
658 3119 728 3180 Eius
749 3119 915 3180 observatio
936 3119 964 3176 in
982 3115 1126 3180 veronus

72 3213 120 3266 cst
135 3204 255 3282 singulis
271 3215 301 3266 ct
316 3207 470 3266 contextis.
516 3204 635 3282 Singula
651 3213 732 3280 snut,
758 3221 833 3284 qnae
848 3193 994 3262 ἀσύνδετα
1007 3198 1079 3259 dixi·

73 3306 146 3350 mus.
191 3287 222 3349 ln
236 3287 281 3348 bis
297 3290 472 3366 cavendum,
489 3307 525 3349 ne
540 3288 694 3348 decrescat
710 3290 821 3364 oratio,
838 3295 867 3348 et
884 3285 997 3346 fortiori
1013 3281 1079 3342 sub·

56 3417 58 3424 ,
74 3374 210 3448 iungatur
222 3373 328 3450 aliquid
344 3374 480 3434 infirmius
493 3418 502 3449 ,
517 3382 548 3432 ut
565 3371 712 3449 sacrilego
728 3372 789 3446 iur,
811 3380 859 3431 ant
878 3369 983 3429 latroni
998 3375 1080 3445 petu-

74 3455 148 3518 lans.
180 3457 288 3533 Augeri
306 3458 379 3519 enim
394 3457 501 3519 debent
516 3458 676 3516 sententiae
693 3464 723 3515 et
738 3457 915 3597 insurgere&
927 3459 958 3512 ut
974 3452 1082 3530 optimc

118 3559 149 3598 u.
161 3560 185 3597 r.
199 3559 309 3606 curuum.
327 3546 360 3600 11.

1141 3599 1240 3680 *Αἱ
