2494 3952
374 213 773 283 1usu.ounuou.cau.2u,
789 215 813 266 1.
1038 205 1098 269 189

87 371 115 430 si
133 377 244 428 .tantum
266 367 374 430 babent
392 369 477 429 etiam
495 368 584 430 uerbo
604 379 793 446 momentum,
819 379 926 451 quanto
948 389 999 432 rer
1013 372 1096 450 ipsae

85 449 203 531 magis?
239 449 365 526 Quarum
389 462 567 533 (praeesset
591 452 775 531 obseruatio,
803 456 862 514 suis
884 455 959 516 locis
974 453 1097 516 subinde

88 537 276 598 subiecimus.
311 605 317 618 ⁶

176 621 250 682 lllud
279 631 324 684 est
349 621 516 700 diligentins
545 620 723 697 docendum,
755 639 820 682 eum
849 622 962 683 demum
993 623 1124 684 dicere8

85 715 175 786 apte,
199 705 247 784 qui
264 721 322 766 nou
343 704 435 766 solum
452 705 521 785 quid
537 705 674 783 expediat
689 705 743 765 sed
759 707 845 766 etiam
861 706 945 785 qnid
961 705 1096 767 deceat

86 789 261 869 inspexerit.
293 787 357 850 Nec
378 806 424 849 me
440 789 529 867 sugit,
551 789 723 868 pleramnpue
742 788 818 849 baec
839 807 907 850 esse
930 791 1093 850 conmucta.

86 873 162 934 Nam
178 873 256 952 quod
272 873 376 949 decet,
392 873 456 934 iere
472 873 609 952 prodest;
625 890 722 951 neque
737 873 795 934 alio
813 875 904 950 magle
918 875 1007 936 animi
1023 872 1095 934 iudi

89 975 157 1018 com
169 957 318 1019 conciliari
336 966 399 1032 aut,
417 958 440 1017 si
456 973 508 1016 res
521 959 547 1016 in
564 957 738 1017 contrariam
753 957 833 1033 tulit,
851 957 971 1017 alienari
988 957 1092 1017 solent.
1115 999 1130 1024 ,,

87 1041 255 1121 Aliquando
269 1050 365 1102 tamen
380 1051 410 1100 et
424 1041 498 1102 haec
514 1041 694 1112 dissentiunt.
722 1039 864 1115 Quotiens
878 1051 973 1102 autem
985 1045 1123 1120 pugna-9

88 1128 176 1202 bunt,
199 1127 291 1204 ipsum
305 1125 456 1186 utilitatem
473 1125 571 1184 vincet
588 1126 666 1203 quod
683 1125 779 1185 decet.
815 1125 886 1185 Nam
907 1128 972 1206 quis
987 1127 1092 1201 nascit,

86 1209 161 1270 nihil
175 1211 266 1286 magis
278 1209 459 1288 prolaturum
471 1209 507 1269 ad
523 1208 736 1268 ahsolutionem
756 1210 871 1270 Socrati
888 1210 990 1286 luisse,
1007 1227 1093 1289 quum

88 1295 115 1352 si
144 1301 224 1352 esset
249 1311 317 1352 usus
343 1293 394 1352 illo
419 1292 545 1353 iudiciali
566 1309 677 1373 genere
702 1292 882 1353 defensionis
907 1303 937 1353 et
961 1295 1092 1353 oratione

87 1378 242 1438 summissa
264 1377 450 1437 conciliasset
470 1376 594 1436 iudicum
609 1377 720 1438 animos
741 1377 797 1438 sibi
812 1379 980 1458 crimenque
998 1379 1092 1455 ipsum

87 1461 216 1522 sollicite
229 1456 449 1538 redarguisset?
477 1460 586 1520 Verum
601 1461 629 1521 ld
645 1478 710 1520 eum
725 1462 838 1520 minime
855 1461 995 1528 decebat3
1012 1461 1136 1524 ideo-10

87 1547 149 1624 q'ue
165 1546 208 1604 sic
226 1547 303 1622 egit,
330 1554 360 1604 ut
385 1545 432 1623 qui
456 1560 581 1623 poenam
602 1562 681 1605 suam
704 1545 862 1606 honoribus
878 1547 996 1605 summis
1012 1553 1093 1604 esset

86 1630 301 1690 aestimaturus.
332 1627 433 1688 Maluit
456 1629 531 1688 enim
554 1629 598 1688 vir
620 1629 862 1706 sapientissimus,
890 1630 968 1710 quod
991 1646 1092 1707 super·

88 1721 171 1772 esset
183 1729 221 1772 ex
233 1713 301 1788 vita,
317 1712 372 1772 sibi
388 1713 496 1790 perire,
513 1729 597 1792 quam
612 1712 689 1791 quod
701 1715 900 1790 praeterisset.
928 1713 964 1772 lit
977 1713 1092 1792 quaudo

87 1797 126 1857 ab
146 1796 308 1859 hominibus
326 1798 369 1856 sui
386 1797 526 1874 temporis
540 1813 640 1875 parum
655 1795 881 1874 intelligebatur,
899 1799 1093 1876 posteriorum

74 1900 123 1950 *se
141 1880 252 1942 iudiciis
268 1881 440 1955 reservavit,
457 1879 539 1940 brevi
552 1880 722 1940 detrimento
737 1883 792 1940 lam
805 1880 921 1940 ultimae
934 1881 1092 1940 senectutis
1159 1935 1165 1948 ,

87 1981 195 2026 aevum
217 1964 399 2025 saeculorum
415 1965 538 2024 omnium
559 1973 742 2024 consecutus.
773 1963 874 2044 ltaque
892 1964 1022 2043 quamuis
1039 1963 1133 2039 epu

90 2051 166 2125 sias,
190 2049 238 2129 qui
255 2051 356 2108 tumim
376 2048 499 2108 dicendo
517 2050 780 2125 praestantissimus
797 2047 973 2120 habebatur,
991 2047 1092 2108 delen·

89 2135 205 2193 sionem
225 2133 267 2194 illi
293 2134 428 2211 scriptam
448 2131 616 2207 obtulisset,
643 2134 684 2192 uti
709 2151 743 2192 ea
770 2131 875 2192 noluit:
903 2131 1093 2191 cambonanc

90 2218 208 2296 quidem
224 2217 276 2278 sed
293 2235 392 2294 parum
408 2216 463 2275 sibi
486 2218 705 2276 convenientem
728 2217 925 2276 iudicavisset.
961 2214 1027 2288 Quo
1042 2214 1092 2275 uel

1 2311 24 2359 ,·
92 2301 160 2361 solo
176 2309 270 2380 patet,
291 2317 349 2360 non
365 2300 560 2380 persuadendi
581 2301 635 2361 sed
660 2300 736 2361 bene
752 2299 866 2360 dicendi
882 2299 968 2358 linem
983 2301 1011 2359 in
1025 2316 1091 2360 ora·

89 2387 170 2446 tione
187 2385 373 2461 servandum,
396 2403 459 2445 enm
476 2385 589 2466 interim
604 2384 782 2463 persuadere
799 2383 930 2444 deiurare
948 2385 993 2443 sit.
1026 2382 1092 2442 Non

90 2471 145 2530 luit
161 2469 217 2530 iroc
233 2469 303 2528 utile
318 2468 510 2544 absolutioni,
528 2469 598 2545 sed,
618 2469 694 2548 quod
712 2478 757 2528 est
771 2469 878 2544 nialus,
905 2467 1011 2528 bomini
1027 2466 1090 2528 luit.

91 2554 197 2614 lituos
213 2553 370 2614 secundnm
392 2571 569 2613 communem
589 2555 685 2631 potius
700 2552 837 2632 loquendi
853 2551 1092 2612 consuetudinem
1102 2553 1136 2608 la

43 2657 46 2662 ·
91 2656 178 2717 quam
203 2639 295 2714 ipsam
318 2639 449 2697 veritatis
470 2637 601 2714 regulam
625 2637 767 2698 diuisione
790 2636 844 2696 lrac
863 2637 984 2709 utimur,
1004 2644 1040 2695 ul
1055 2634 1092 2697 ab

91 2739 146 2796 eo,
164 2721 242 2799 quod
260 2721 380 2797 deceat,
398 2721 548 2780 utilitatem
566 2736 745 2800 separemus.
778 2717 839 2780 Nisi
856 2721 931 2780 lorte
948 2720 1027 2798 prior
1042 2718 1092 2778 ille

40 2866 46 2874 Α
90 2805 257 2880 Africanus,
274 2807 321 2884 qui
337 2806 429 2883 patria
446 2805 554 2866 cedere
566 2821 653 2882 *quam
670 2823 734 2864 cum
749 2803 863 2864 tribuno
881 2803 975 2882 plebis
992 2802 1092 2865 bumil-

90 2891 161 2949 limo
178 2889 356 2948 contendere
373 2889 410 2949 de
426 2890 589 2949 innocentia
605 2907 655 2949 sua
672 2888 780 2962 maluit,
797 2887 933 2948 inutiliter
945 2887 999 2946 sibi
1011 2887 1092 2946 vide·

90 2984 137 3033 tur
154 2972 349 3040 consuluisse;
366 2982 413 3032 aut
424 2973 454 3033 Ρ.
467 2972 600 3049 Rutilius,
618 2972 666 3032 vel
683 2991 747 3032 curn
762 2971 813 3032 illo
830 2988 923 3050 paene
940 2972 1092 3030 Socratico
1136 2978 1137 2981 ’

8 3125 13 3136 ¹
90 3075 204 3136 genere
220 3057 399 3116 defensionis
415 3067 553 3130 astacus,
570 3056 618 3116 vel
635 3051 699 3116 cuni
714 3065 872 3116 revocante
888 3065 951 3116 cunr
968 3053 997 3114 P.
1012 3054 1093 3114 Sulla
1103 3053 1135 3116 13
1160 3085 1183 3100 ω

91 3157 210 3200 manere
230 3142 258 3200 iu
276 3140 364 3200 exilio
381 3140 493 3216 maluit,
516 3141 582 3219 (juid
605 3140 658 3200 sibi
676 3142 798 3200 maxime
823 3139 1015 3213 conduceret,
1042 3155 1091 3196 ne·

92 3224 215 3284 sciebat.
247 3223 282 3284 Hi
299 3242 371 3283 uero
389 3224 558 3304 pervalde,
576 3243 650 3304 quae
667 3225 880 3298 abiectissimus
896 3224 1018 3303 quisque
1033 3222 1091 3279 ani

91 3327 155 3368 mus
178 3307 257 3368 utilia
281 3307 388 3383 credit,
416 3311 440 3367 si
462 3326 526 3368 cum
549 3309 653 3368 virtute
675 3308 876 3379 conferantur,
904 3305 1092 3382 despicientia

1 3467 2 3470 Ἴ
91 3392 308 3466 iudicaverunt,
329 3391 455 3470 ideoque
479 3401 628 3470 perpetua
643 3393 825 3452 saeculorum
840 3391 1026 3451 admiratione
1043 3405 1091 3449 oe·

90 3475 251 3536 lebrantur.
279 3473 382 3554 Neque
398 3487 451 3537 nos
467 3477 558 3536 simus
570 3484 625 3536 tam
640 3475 829 3552 humileuut,
848 3491 921 3554 quae
934 3473 1091 3549 laudamus,
