2446 3962
333 192 771 262 Insu.ouauuon.c1n.111,1.
996 189 1055 250 107

65 357 187 408 auctores
204 364 262 406 non
282 349 427 424 convenit,
443 364 497 407 uos
516 359 610 409 autem
628 350 781 412 Aristoteli
797 352 949 413 credimus.
982 354 1056 418 Hinc
1147 377 1149 382 ·

64 431 135 491 uelut
149 432 281 492 diversae
297 433 392 492 secari
409 442 571 510 coeperunt
584 437 660 494 viae.
689 432 761 502 Nam
774 445 803 496 et
816 436 955 498 Isocratis
971 451 1098 518 prae-14

65 517 217 576 stantissimi
239 515 374 593 discipuli
394 515 510 576 luerunt
534 519 562 578 in
588 520 664 578 omni
687 519 844 580 studiorum
862 539 985 599 genere,
1005 540 1055 583 eo-

67 617 113 676 que
128 601 180 658 iam
194 600 311 660 seniore
328 599 477 676 (octauum
495 603 569 662 enim
584 609 614 662 et
629 604 847 681 nonagesimum
859 606 989 684 implevit
1007 625 1054 667 an·

66 685 142 763 num)
158 682 361 762 pomeridianis
376 681 485 743 scholis
500 684 678 746 Aristoteles
698 691 872 766 praecipere
885 698 975 749 artem
991 707 1055 751 ora·

67 769 155 827 toriam
170 769 284 846 coepit,
309 776 379 826 noto
403 767 518 846 quidem
538 768 589 828 illo
610 769 655 848 (ut
672 770 808 853 traditur)
829 790 918 832 versu
937 791 974 833 ex
990 773 1054 834 Phi·

67 851 162 912 loctcta
182 851 354 930 frequenter
378 869 466 911 usus:
502 843 634 932 Αἰσχρὸν
656 859 788 932 σιωπᾶν,
808 845 979 936 Ἰσοκράτην
1004 857 1057 918 ἐᾶν

67 933 154 1014 λέγειν,
172 933 274 1016 Turpe
288 955 356 998 esce
370 944 476 998 tacere
490 945 519 997 et
532 935 695 999 Isocraten
708 941 777 1017 peti
791 940 905 1002 dicere.
935 939 992 1000 Ars
1012 950 1057 1001 est

66 1021 212 1098 utriusque,
229 1019 282 1081 sed
297 1019 427 1098 pluribus
444 1037 507 1079 eam
521 1019 603 1081 libris
618 1015 796 1084 Aristoteles
812 1022 982 1102 complexus
1000 1034 1054 1085 est.

65 1101 163 1166 Eodem
180 1114 312 1182 ternpore
337 1101 522 1164 Theodectes
545 1105 614 1181 fuit,
636 1105 672 1166 dc
694 1109 775 1166 cuius
796 1125 887 1186 opere
909 1127 997 1186 supra
1014 1109 1055 1168 di·

65 1196 131 1247 ctum
151 1197 204 1248 est.
252 1188 471 1267 Theophrastus
493 1206 609 1268 quoque
635 1189 804 1251 Aristotelis
833 1191 992 1270 discipulus
1019 1193 1098 1256 de15

64 1271 198 1334 rhetorice
214 1272 370 1349 diligenter
386 1274 519 1351 scripsit,
538 1282 625 1351 atque
641 1274 708 1334 hinc
724 1275 773 1335 vel
789 1274 945 1335 studiosius
961 1275 1055 1353 philo·

65 1355 139 1435 sophi
154 1375 237 1436 quarn
261 1356 396 1420 rhetores
418 1358 634 1436 praecipueque
652 1358 818 1419 Stoicorum
833 1377 868 1420 ac
885 1358 1055 1438 Peripateti-

66 1457 152 1500 corum
172 1441 331 1521 principes.
369 1439 452 1500 Fecit
471 1441 575 1508 deinde
596 1442 677 1502 velut
696 1443 843 1521 propriam
861 1442 1099 1521 Hermagoraslti

65 1525 138 1600 uiam,
153 1524 365 1605 quamplurimi
380 1533 445 1584 sunt
457 1526 563 1594 secuti;
584 1528 629 1586 cui
649 1529 771 1587 maxime
786 1536 941 1606 paratque
960 1545 1055 1587 aemu-

66 1607 103 1667 lus
114 1609 225 1670 uidetur
243 1609 411 1670 Athenaeus
430 1609 531 1668 fuisse.
563 1608 653 1670 lllulta
667 1620 735 1689 post
753 1610 928 1690 Apollonius
944 1609 1055 1688 lllolon,

66 1692 139 1754 multa
156 1694 269 1770 Areus,
295 1693 383 1756 multa
408 1691 553 1753 Caecilius
580 1704 609 1754 et
623 1694 862 1756 Halicarnasseus
886 1693 1055 1771 Dionysius.

71 1771 214 1857 Praecipue
229 1787 325 1838 tamen
339 1780 368 1838 in
382 1789 415 1837 se
432 1787 639 1838 converterunt
658 1779 751 1839 studia
769 1778 971 1857 Apollodorus
987 1778 1057 1838 Per·
1066 1787 1098 1842 17

67 1878 207 1938 gamenus,
230 1864 278 1943 qui
298 1872 475 1941 praeceptor
495 1860 673 1939 Apolloniae
691 1860 826 1922 Caesaris
848 1861 972 1938 Augusti
992 1861 1055 1938 luit,

65 1953 88 2003 et
104 1944 271 2010 Theodorus
290 1944 455 2023 Gadareus,
477 1947 526 2024 qui
546 1963 580 2005 se
600 1945 656 2006 dici
672 1945 771 2006 maluit
786 1944 944 2021 Rhodium,
972 1963 1058 2023 quem

65 2028 182 2089 studiose
208 2029 341 2107 audisse,
367 2049 432 2091 cum
452 2032 481 2090 in
503 2048 567 2091 eam
587 2030 709 2091 insulam
730 2032 925 2105 secessisset,
953 2029 1057 2089 dicitur

64 2109 184 2174 Tiberius
200 2113 321 2176 Caesar.
353 2113 388 2175 lli
404 2116 534 2175 diversas
549 2114 701 2193 opiniones
715 2114 909 2189 tradiderunt,
926 2113 1056 2193 appella·
1069 2120 1100 2176 18

63 2198 132 2275 tique
155 2199 223 2259 inde
246 2196 444 2278 Apollodorei
461 2217 497 2261 ac
521 2197 689 2261 Theodorei
714 2198 750 2260 ad
776 2216 886 2258 morem
908 2207 1003 2256 certas
1028 2199 1057 2255 in

52 2280 238 2362 ‘philosophia
253 2292 351 2345 sectas
367 2282 517 2362 sequendi.
554 2281 613 2343 Sed
628 2282 804 2361 Apollodori
826 2289 985 2360 praecepta
998 2297 1056 2340 ma·

64 2367 102 2439 gis
119 2385 155 2427 cx
175 2367 327 2446 discipulis
350 2384 532 2445 cognoscas,
556 2383 677 2445 quorum
700 2366 936 2442 diligentissimus
957 2365 985 2424 in
1000 2372 1056 2423 tra·

64 2447 230 2511 dendofnit
255 2451 355 2511 hatine
382 2451 470 2529 Gajus
494 2450 633 2528 Valgius,
662 2449 775 2512 Graece
809 2448 934 2509 Atticus.
984 2447 1056 2508 Nam

65 2531 144 2609 ipsias
160 2535 226 2596 sola
242 2535 356 2595 videtur
371 2534 428 2596 Ars
447 2536 524 2596 edita
541 2534 577 2595 ad
592 2534 737 2611 hlattium,
757 2536 823 2612 quia
840 2542 955 2593 ceteras
969 2534 1057 2591 missa

66 2616 93 2678 ad
106 2619 261 2680 Domitium
282 2620 408 2698 epistola
429 2636 486 2679 non
500 2620 644 2696 agnoscit.
681 2618 766 2679 Plura
784 2617 900 2695 scripsit
921 2614 1056 2676 Theodo-

67 2715 114 2780 rus,
133 2706 215 2763 cuius
231 2704 392 2765 auditorem
406 2703 606 2780 Hermagoran
621 2711 687 2762 sunt
703 2705 751 2781 qui
767 2701 901 2761 viderint.

135 2787 332 2849 Romanorum
347 2791 454 2867 primus
480 2788 637 2865 (quantum
652 2804 709 2864 ego
725 2785 839 2865 quidem
861 2785 971 2863 sciam)
989 2789 1099 2844 con-19

68 2865 123 2930 didit
144 2872 242 2950 aliqua
262 2873 292 2932 iu
312 2871 388 2933 hanc
408 2872 555 2933 materiam
576 2869 614 2930 hl.
634 2868 707 2930 Cato
722 2869 773 2930 ille
794 2867 970 2944 Censorius,
989 2876 1057 2947 post

67 2945 95 3010 ll.
112 2955 255 3016 Antonius
276 2957 438 3026 inchoavit;
467 2973 532 3016 narn
554 2955 612 3015 hoc
630 2954 725 3015 solum
743 2971 817 3033 opus
838 2955 900 3013 eius
921 2960 1009 3032 atque
1029 2951 1058 3011 id

67 3033 145 3110 ipsum
166 3041 371 3119 imperfectum
391 3049 496 3101 manet.
534 3040 632 3100 secuti
652 3041 744 3098 minus
761 3036 911 3106 celebres;
938 3052 1058 3115 quorum

68 3125 235 3201 arr-oriam,
260 3127 285 3184 si
308 3143 365 3204 quo
385 3125 454 3186 loco
478 3141 527 3184 res
554 3132 675 3202 poscet,
700 3140 758 3182 non
773 3123 910 3182 omittam.
941 3119 1099 3180 Prosci-20

68 3217 80 3276 t
124 3225 233 3268 nvero
262 3208 358 3270 lumen
380 3211 457 3269 sicut
479 3207 666 3286 eloquentiae
689 3209 728 3266 ita
748 3207 916 3286 praeceptis
940 3218 1057 3282 quoque

69 3299 80 3340 l
131 3291 220 3368 dedit,
235 3295 349 3353 unicum
361 3294 437 3372 apud
448 3309 502 3352 nos
515 3287 666 3371 specimen
681 3290 781 3350 orandi
794 3288 977 3367 docendique
993 3301 1058 3344 ora·

69 3373 77 3422 l
132 3393 143 3434 s
166 3385 262 3453 artes,
292 3375 331 3438 tl.
348 3377 474 3446 Tullius;
496 3385 564 3455 post
589 3393 675 3454 quem
693 3384 793 3435 tacere
814 3371 1057 3433 modestissimum

70 3448 80 3506 f
128 3479 148 3536 u,
170 3462 225 3520 nisi
248 3469 277 3520 et
299 3461 464 3522 rhetoricos
484 3477 555 3521 suos
576 3461 642 3539 ipse
664 3458 846 3520 adolescenti
866 3454 922 3514 sihi
938 3453 1056 3532 elapsos
