2446 3962
326 169 764 258 nusr.‘onnron.n1s.11,1t.
1002 187 1043 248 97

56 347 110 410 sibi.
135 343 228 408 Causa
243 347 318 406 enim
333 365 397 408 oum
412 365 509 423 eausa,
526 365 584 408 non
598 348 648 408 illa
662 367 760 409 secum
774 351 838 429 ipsa
850 353 1041 431 componitur.

58 431 123 505 llec,
143 433 167 491 si
186 440 317 510 pugnent
336 433 411 491 inter
431 449 479 508 se,
506 434 554 510 qui
569 433 644 492 idern
661 432 835 511 didicerunt,
857 435 967 495 idcirco
983 455 1041 514 ers,

57 530 120 592 qnae
132 518 248 594 utrique
263 516 365 576 tradita
381 524 436 590 est,
451 532 509 575 nen
525 518 592 585 erit;
611 516 721 595 alioqui
736 536 792 577 nec
806 535 958 596 armerum,
977 523 1043 600 quia

56 617 134 678 saepe
152 599 332 676 gladiatores
354 599 407 658 sub
423 597 527 659 eodem
543 602 683 676 magistro
703 602 806 662 eruditi
826 603 901 662 inter
916 621 950 663 se
966 621 1042 664 corn·

56 691 199 759 pennatum
225 701 283 742 nec
307 681 501 760 gubernandi,
530 685 595 762 quia
617 685 767 745 navalibus
791 685 913 763 proeliis
937 688 1086 764 guber-34

57 774 127 826 nator
145 775 191 825 est
211 767 401 844 gubernatori
423 767 578 836 aduersus;
599 785 654 828 nec
677 771 880 848 imperatoria,
906 773 972 849 quia
993 774 1043 832 im·

57 858 159 928 perator
184 867 250 910 cum
275 852 450 929 imperatore
476 850 632 912 contendit.
670 851 742 912 ltem
764 869 822 912 non
843 855 948 914 evertit
970 872 1044 934 opus

56 933 204 1010 rhetorice,
228 934 308 1013 quod
330 934 429 994 efficit.
463 933 566 1013 Neque
583 937 657 994 enim
671 937 797 1014 pesitum
812 954 828 998 a
844 955 876 996 se
893 955 1044 1014 argumen-

57 1025 104 1075 tum
117 1017 202 1078 solvit
218 1025 320 1078 orator
340 1019 393 1079 sed
413 1037 450 1078 ne
470 1019 617 1079 rhetorice
640 1019 769 1098 quidem,
795 1023 861 1099 quia
881 1022 957 1100 apud
979 1039 1043 1099 eos,
1092 1093 1096 1099 ι

57 1101 134 1177 quiin
147 1102 352 1180 persuadendo
368 1103 453 1163 linem
475 1111 590 1181 putant,
612 1113 660 1163 εει
675 1105 699 1163 si
715 1105 778 1182 quis
800 1105 846 1183 (ut
861 1103 936 1186 dixi)
959 1124 1044 1166 casus

57 1183 119 1244 duos
132 1187 204 1245 inter
220 1203 256 1246 se
271 1186 365 1246 bonos
381 1188 460 1246 viros
479 1189 691 1266 composuerit,
713 1188 882 1248 verisimilia
903 1199 1044 1267 quaeren-

58 1275 108 1336 tur;
127 1286 183 1329 nun
197 1279 312 1347 antem,
335 1271 360 1329 si
379 1271 447 1348 quid
465 1280 510 1330 est
525 1270 617 1331 altero
639 1270 820 1347 credibilius,
844 1272 915 1332 idei
931 1283 1045 1332 contra·

58 1353 118 1411 rium
131 1363 188 1429 est,
213 1355 294 1432 quod
315 1353 368 1413 iuit
388 1353 537 1414 credibile.
569 1353 641 1414 Nam
661 1363 692 1414 ut
713 1352 834 1416 candido
853 1355 1000 1417 candidius
1017 1365 1087 1420 et35

59 1433 123 1495 dnlci
135 1437 248 1498 dulcius
264 1454 323 1496 non
337 1447 382 1497 εει
395 1438 558 1513 adversum,
574 1441 612 1499 ita
626 1457 681 1499 nec
695 1439 840 1517 probabili
854 1438 1043 1519 probabilius.

59 1513 146 1599 Neque
160 1523 306 1600 praecipit
324 1539 448 1600 unquam
464 1539 521 1581 ncn
536 1522 657 1582 dicende
672 1541 728 1583 nec
743 1522 872 1584 dicendis
889 1525 1044 1599 centraria,

22 1647 23 1664 t
61 1603 103 1662 sed
115 1621 184 1682 quue
202 1607 231 1665 in
251 1621 367 1684 quaque
383 1622 470 1665 causa
488 1605 610 1667 dicenda
630 1609 695 1666 sint.
735 1606 800 1667 Non
820 1625 937 1686 semper
952 1616 1087 1672 autenm

22 1687 25 1736 i
63 1687 96 1758 ei,
108 1691 213 1750 etiamsi
226 1690 477 1768 frequentissime,
493 1689 598 1750 tuenda
612 1692 720 1750 veritas
735 1693 805 1760 erit;
823 1692 875 1752 sed
890 1689 1044 1771 aliquando

22 1751 25 1806 Ι
67 1770 135 1846 ¹tuigit
150 1775 310 1833 communis
326 1763 450 1850 utilitas,
473 1782 504 1832 ει
520 1775 606 1834 etiam
622 1772 696 1835 falsa
711 1774 857 1835 defendat.

129 1855 276 1917 Ponuntur
290 1857 344 1917 bae
365 1875 482 1936 quoqne
502 1858 531 1916 in
553 1857 681 1916 secundo
703 1855 854 1918 Ciceronis
875 1858 913 1918 de
928 1867 1046 1918 oratore

61 1931 120 1998 libro
132 1941 394 2002 contradictiones:
410 1949 508 2004 artem
522 1957 630 2004 earum
641 1957 746 2002 rerum
760 1960 837 2019 esec,
853 1957 934 2020 quae
944 1942 1046 2003 scion·

59 2025 114 2090 tur,-
130 2028 266 2087 oratoris
280 2044 396 2088 omnem
410 2027 560 2088 acdmtem
573 2025 729 2104 opinione,
751 2044 811 2088 nou
829 2026 961 2088 scientia
977 2044 1047 2088 con·

58 2105 136 2167 timeri
143 2151 152 2185 ,
174 2112 249 2188 quia
264 2118 293 2170 ει
306 2111 393 2190 opud
408 2111 576 2186 condicat,
592 2109 645 2186 qui
658 2110 816 2186 ocemont,
837 2109 947 2190 etipse
961 2109 1048 2172 dicct

59 2189 228 2272 aliquando,
252 2195 336 2272 quod
349 2195 477 2254 nesciat.
512 2191 558 2252 Ex
576 2192 621 2253 bis
635 2192 774 2270 alterum,
796 2193 903 2268 idest,
925 2210 961 2253 an
975 2194 1088 2260 sciata?

58 2270 146 2350 iudex,
174 2278 211 2338 de
233 2293 293 2356 quo
316 2277 442 2354 dicatur,
471 2276 541 2336 nihil
562 2274 598 2336 ad
617 2278 742 2337 oratoris
763 2285 868 2345 artem;
895 2275 981 2336 alteri
1001 2293 1047 2334 re-

58 2358 253 2432 spondendum.
289 2357 352 2423 Are
366 2381 474 2423 eorum
488 2379 594 2423 rerum
609 2368 672 2436 eet,
695 2375 775 2438 quoe
788 2361 938 2424 sciuntur.
971 2358 1047 2419 llbe-

58 2441 138 2500 tcrice
159 2463 205 2504 ars
223 2453 271 2505 est
291 2445 514 2520 benedicendi,
536 2443 612 2505 bene
630 2453 725 2505 autem
745 2442 844 2504 dicere
862 2445 917 2504 scit
938 2453 1046 2504 orator.

22 2577 23 2596 ,
59 2517 111 2584 Sed
124 2531 236 2606 nescit,
261 2531 493 2605 euomuerit,
516 2531 600 2607 quod
614 2529 698 2591 dicit.
728 2525 774 2588 Ne
794 2528 824 2588 bi
844 2527 974 2607 quidem,
1000 2528 1090 2606 quiae

22 2597 24 2684 l
59 2605 140 2681 ignem
158 2622 206 2673 εει
226 2630 330 2692 aquam
351 2622 399 2674 εει
417 2621 552 2692 quattuor
569 2612 712 2673 elementa
727 2620 775 2672 aut
795 2626 920 2690 corpora
935 2612 1047 2671 inseca-

59 2685 115 2752 bilia
134 2713 217 2773 esse,
239 2715 278 2756 ex
300 2698 402 2777 quibus
424 2715 473 2757 res
497 2713 596 2757 omnes
615 2697 726 2757 initium
747 2694 898 2771 duxerint,
921 2692 1047 2769 tradunt,

22 2777 24 2844 l
60 2789 104 2834 ιιι
118 2781 163 2857 qui
184 2781 339 2842 intervalla
360 2783 486 2842 siderum
501 2789 531 2840 et
544 2798 693 2841 mensures
712 2779 783 2840 solis
801 2797 836 2840 ac
851 2789 947 2839 terrae
963 2777 1047 2838 colli·

22 2873 24 2938 i
60 2867 131 2932 gunt;
152 2863 334 2945 disciplinam
356 2875 451 2926 tamen
473 2881 553 2924 suam
574 2874 665 2925 artem
683 2872 798 2924 uocant.
839 2861 951 2936 Quodsi
973 2862 1047 2922 ratio

22 2985 23 3010 ;
61 2939 150 3022 elicit,
173 2957 204 3008 ut
229 2941 308 3009 haec'
324 2967 383 3009 non
407 2951 518 3029 opinari
545 2949 597 3008 sed
620 2956 743 3027 propter
762 2948 819 3007 rim
846 2944 1048 3025 probationum

22 3055 23 3068 ι
61 3027 125 3086 scire
137 3032 304 3094 rideantur:
327 3034 429 3094 eadem
447 3033 521 3094 ratio
542 3031 618 3093 idem
637 3040 789 3110 praestare
810 3031 919 3091 oratori
937 3036 1045 3108 potest.

22 3171 23 3180 ,
62 3103 114 3164 ⁸⁰⁸
132 3133 172 3176 oc
192 3136 292 3179 ccueu
313 3136 390 3180 cero
409 3120 464 3195 eit,
489 3118 596 3179 nescit.
637 3114 683 3176 Ne
702 3115 831 3175 medicus
852 3115 983 3193 quidem,
1011 3127 1093 3182 anae

22 3227 24 3252 t
62 3187 78 3248 d
114 3212 179 3258 trem
194 3202 297 3280 capitis
312 3200 427 3278 habeat,
444 3203 492 3280 qui
506 3200 564 3262 boc
579 3220 612 3261 se
627 3202 687 3279 pati
702 3200 795 3269 dicet;
814 3199 925 3259 curabit
941 3207 1047 3271 tamen,

22 3307 24 3356 p
62 3279 78 3330 lt
110 3296 181 3354 quam
204 3284 232 3345 id
256 3303 357 3345 rerum
378 3287 432 3363 sit,
456 3292 485 3345 et
511 3286 565 3344 erit
586 3303 632 3345 ars
652 3282 802 3344 medicina.
847 3279 941 3355 Quid?
970 3278 1049 3358 quod

22 3363 23 3442 j
64 3355 78 3414 tl
110 3367 195 3426 turice
215 3385 273 3428 non
287 3371 386 3448 ntique
407 3371 589 3448 propositum
609 3366 697 3428 babet
713 3385 830 3447 semper
847 3383 918 3425 vera
933 3361 1048 3425 dicendi

64 3455 78 3497 ι
130 3466 242 3530 semper
258 3454 453 3530 verisimilia,
482 3453 537 3512 scit
563 3461 657 3513 eutem
683 3469 754 3511 esse
778 3447 945 3587 verisirpilia
973 3463 1052 3525 quae

118 3551 127 3588 st
139 3556 160 3597 F.
173 3553 283 3600 Quium.

22 3671 26 3700 i

22 3703 24 3720 ι
