2446 3962
274 199 717 268 tusr.onnuon.n1e.11,1t
998 195 1038 256 93

48 377 109 440 gere
127 357 271 436 voluptati
293 357 389 416 velim.
428 356 619 416 Transeamus
639 360 726 434 igitur
747 362 783 421 ad
805 380 868 423 eam
891 364 1038 439 quaestio·

49 463 116 519 uem,
140 459 216 520 quae
237 443 384 540 sequitur,
412 458 448 500 an
467 440 617 502 rhetorice
638 460 711 501 ars
724 446 770 504 sit.
817 445 945 525 Quodq
947 446 1066 506 uidem2

48 529 110 588 adeo
126 544 164 586 ex
178 525 240 601 his,
261 527 309 603 qui
328 534 487 603 praecepta
504 525 618 586 dicendi
641 527 835 606 tradiderunt,
856 546 941 588 nemo
958 528 1039 590 dubi·

48 613 122 687 tavit,
143 618 175 669 ut
199 610 286 670 etiam
304 610 377 686 ipsis
402 607 541 669 librorum
562 609 652 670 titulis
674 619 809 674 testatum
832 615 885 689 sit,
911 616 1039 692 scriptos

27 711 93 774 teos
107 655 145 756 de
167 702 237 755 orte
259 693 434 762 rhetorioo;
457 690 562 753 Cicero
583 711 655 754 vero
678 697 779 774 etiam,
800 715 874 776 quae
889 698 1041 760 rhetorice

27 783 174 858 procetur,
205 795 274 838 esse
296 776 495 854 artificiosam
516 779 717 856 eloquentiam
744 781 829 841 dicat
875 780 960 854 Quod
983 799 1041 842 non

27 871 31 900 '
50 873 169 925 oratores
185 871 294 922 tentum
311 861 506 936 vindicarunt,
529 871 561 921 ut
580 862 683 924 studiis
705 864 813 942 aliquid
835 867 895 924 suis
917 868 1040 942 praesti-

27 903 108 1008 Rtisse
128 946 296 1023 videantur,
320 944 373 1006 sed
395 946 522 1004 cumbis
544 945 692 1025 philosphi
716 956 745 1007 et
761 948 853 1008 Stoici
879 957 909 1008 et
923 949 1040 1027 Peripa-

49 1033 118 1092 tetici
133 1031 269 1111 plerique
290 1030 483 1090 consentiunt.
522 1029 568 1089 Ao
585 1049 632 1090 me
654 1029 802 1094 dubitasse
826 1034 984 1110 confiteor,
1007 1043 1067 1096 ιιι
1161 1053 1164 1058 ·
1189 1017 1194 1106 J

48 1115 111 1176 hauc
127 1124 239 1194 partem
263 1114 441 1192 quaestionis
462 1114 638 1174 tractandam
655 1124 799 1194 putarem;
822 1135 886 1177 uam
909 1119 973 1194 quis
996 1128 1041 1178 est

50 1200 112 1260 adeo
126 1217 183 1260 non
203 1197 241 1259 ab
262 1199 424 1258 eruditione
444 1197 531 1258 modo
553 1197 606 1258 sed
629 1217 746 1259 asensu
762 1211 890 1260 remotus
906 1201 1040 1277 hominis,

51 1292 74 1342 ut
85 1283 240 1344 fabricandi
261 1281 377 1361 quidem
391 1289 420 1340 et
437 1279 556 1342 texendi
573 1291 602 1340 et
618 1301 634 1341 e
649 1284 710 1343 luto
726 1303 797 1344 vasa
812 1285 936 1345 ducendi
951 1293 1042 1344 artem

51 1376 134 1444 putet,
162 1367 334 1427 rhetoricen
359 1374 471 1466 autern,
499 1368 651 1426 maximum
677 1385 712 1427 ac
741 1368 981 1447 pulcherrimum,
1011 1378 1042 1427 ut

52 1469 124 1548 snpra
149 1453 291 1525 diximus,
321 1466 412 1528 opus,
439 1451 468 1509 in
493 1459 550 1510 tam
576 1450 699 1511 sublime
722 1452 869 1530 fastigium
895 1454 1042 1512 existimet
1080 1506 1082 1514 ξ
1187 1475 1190 1482 ’

27 1567 31 1676 p
53 1535 102 1594 siue
116 1529 332 1594 antevenisse?
364 1532 507 1612 Equidem
519 1534 604 1609 illos,
629 1537 677 1613 qui
694 1545 794 1596 contra
811 1537 1041 1614 disputaverunt,
1052 1539 1086 1592 4*
1190 1537 1196 1588 ἑ

54 1629 163 1679 nontam
177 1619 206 1680 id
228 1619 375 1694 sensisse,
398 1618 477 1696 quod
493 1617 638 1694 dicerent,
662 1636 746 1696 quam
762 1638 905 1680 exercere
927 1621 1042 1697 ingenia

27 1679 29 1750 l
56 1705 171 1764 materiae
189 1701 363 1763 difficultate
387 1702 478 1762 credo
494 1702 642 1776 voluisse,
665 1705 740 1762 sicut
761 1703 954 1780 Polycraten,
979 1722 1042 1763 cum

27 1753 31 1830 ι
56 1781 194 1848 Busiridem
213 1787 348 1856 laudaret
371 1794 400 1844 et
423 1783 696 1861 Clytaemnestram
720 1805 881 1866 quanquam
900 1789 941 1864 is,
965 1788 1043 1867 quod

27 1831 119 1930 bisd
104 1869 239 1932 idssimile
254 1887 312 1930 nou
335 1878 396 1945 cst,
420 1871 621 1947 composuisse
643 1871 820 1946 orationem,
845 1888 919 1948 quae
935 1871 1042 1930 estha·
1083 1903 1085 1906 ·

52 1950 101 2014 bita
116 1964 213 2016 contra
232 1955 392 2029 Socraten,
414 1954 528 2014 dicitnr.

124 2037 246 2112 Quidam
266 2037 473 2099 naturalem
497 2054 565 2098 esse
586 2036 754 2098 rhetoricen
775 2038 877 2100 volunt
897 2047 927 2098 et
949 2046 1068 2098 tamena

52 2121 164 2182 adiuvari
185 2125 399 2196 exercitatione
420 2138 478 2181 uon
501 2121 676 2197 diffitentur,
694 2131 725 2182 ut
746 2122 873 2183 inlibris
891 2120 1042 2182 Ciceronis

53 2205 81 2264 de
94 2204 210 2267 Oratore
227 2206 298 2268 dicit
312 2206 472 2281 Antonius,
488 2205 730 2268 observationem
746 2207 887 2283 quandam
904 2223 971 2266 esse
987 2224 1045 2266 uon

53 2298 138 2348 artem.
172 2291 260 2365 Quod
282 2309 340 2350 nou
361 2291 445 2366 ideo,
466 2298 497 2348 ut
519 2307 573 2369 pro
594 2305 665 2348 vero
686 2291 877 2367 accipiamus,
899 2297 946 2348 est
966 2291 1069 2368 posi-6
1175 2333 1196 2376 3

53 2379 114 2443 tum;
136 2373 186 2434 sed
202 2385 236 2434 ut
250 2375 368 2434 Antonii
384 2391 510 2453 persona
525 2381 676 2449 servetur,
697 2374 745 2452 qui
760 2373 958 2434 dissimulator
973 2375 1043 2432 artis

55 2455 105 2515 tuit.
138 2457 218 2519 Hanc
232 2468 328 2519 autem
344 2459 509 2536 opinionem
522 2457 660 2518 habuisse
675 2455 776 2533 Lysias
791 2458 915 2520 videtur.
956 2456 1043 2516 Cuius
1122 2507 1123 2510 ,
1161 2425 1179 2464 ξ’

27 2573 29 2606 ,
56 2545 200 2604 sententiae
215 2542 282 2604 talis
297 2541 429 2602 defensio
446 2551 502 2617 est,
519 2540 596 2619 quod
611 2541 719 2601 indocti
734 2551 763 2600 et
777 2541 894 2602 barbari
910 2550 939 2601 et
954 2543 1043 2616 servi,

58 2636 101 2700 pro
120 2645 151 2686 se
166 2645 231 2686 cum
246 2626 418 2706 loquuntur,
441 2625 549 2704 aliquid
569 2625 665 2685 dicant
681 2625 774 2684 simile
794 2627 957 2703 principio,
980 2643 1044 2684 nar·

58 2717 124 2784 rent,
143 2709 285 2790 probent,
307 2710 449 2785 refutent,
475 2719 504 2768 et
525 2709 619 2788 (quod
640 2711 697 2768 vim
718 2707 824 2768 habeat
844 2709 970 2788 epilogi)
994 2708 1043 2768 de·

58 2804 207 2865 precentur.
258 2793 372 2856 Deinde
398 2794 533 2854 adiiciunt
561 2793 625 2853 illas
650 2792 806 2852 verborum
833 2792 1071 2870 cavillationes?

58 2873 130 2954 nihil,
152 2878 229 2958 quod
245 2889 360 2940 exarte
376 2879 441 2954 iiat,
462 2887 528 2938 ante
543 2886 633 2937 artem
646 2877 751 2946 inisse;
774 2879 852 2956 atqui
868 2876 977 2936 dixisse
992 2876 1043 2936 ho-

59 2960 135 3019 nines
149 2980 203 3039 pro
222 2981 254 3022 se
271 2972 300 3022 et
316 2965 345 3021 iu
360 2962 433 3022 alios
452 2979 584 3040 semper,
608 2961 746 3020 doctores
766 2963 836 3020 artis
854 2977 928 3019 sero·
945 2962 999 3019 iam
1016 2970 1045 3019 et

27 3059 29 3102 t
60 3042 125 3104 circa
145 3045 241 3106 Tisian
268 3056 297 3106 et
321 3043 434 3107 Coraca
454 3047 574 3124 primurn
594 3053 747 3123 repertos,
777 3046 937 3104 oraticnem
957 3046 1044 3121 igitur

27 3131 29 3156 ²
60 3135 95 3183 au·
128 3131 321 3190 artemiuisse
338 3138 704 3208 eoqueartemnonesse.
733 3128 1071 3207 Nospcrro,quand08
1174 3183 1196 3216 μ

61 3224 83 3266 ιι
126 3215 178 3272 erit
191 3213 274 3274 huius
288 3217 332 3274 rei
347 3214 495 3289 doctrina,
512 3230 569 3273 non
585 3211 748 3273 laboramus
765 3214 937 3290 exquirere;
955 3228 1042 3288 quau·

62 3306 83 3368 ιι
119 3314 133 3354 ι
145 3297 218 3374 apud
232 3297 385 3358 Homerum
400 3305 430 3357 et
444 3305 667 3376 praeceptorem
677 3296 851 3357 Phoenicem
864 3314 927 3355 curn
939 3294 1044 3371 agendi

61 3381 83 3432 it
127 3381 209 3440 etiam
224 3380 361 3460 loquendi
380 3391 409 3442 et
430 3389 562 3442 oratores
578 3380 677 3458 plures
694 3390 722 3440 et
744 3398 827 3440 omne
843 3382 872 3438 in
887 3378 977 3438 tribus
993 3377 1043 3437 du-

1159 3229 1196 3272 „tc

1166 3277 1196 3352 ,ξι

1136 3391 1139 3394 ,,
1168 3351 1196 3396 ιιι

1152 3397 1196 3452 ,³33

63 3458 83 3516 ιὶ
156 3467 290 3538 orationis
316 3484 407 3544 genus
434 3472 464 3526 et
489 3465 643 3526 certamina
668 3480 785 3543 quoque
808 3463 959 3542 proposita
982 3461 1044 3522 elc-
1145 3451 1196 3599 Ξ
