2444 3972
328 206 417 254 unsa.
433 206 581 255 onuuon.
594 173 663 256 urs.
676 209 715 275 11,
727 205 755 262 6.
998 198 1037 259 73

55 359 128 419 virtus
152 361 244 422 adest.
287 359 391 460 Neque
418 363 492 422 enim
515 379 569 421 nos
593 363 735 424 tarditatis
758 371 860 424 natura
883 365 1037 442 damnavit,
1046 377 1081 430 ιι

54 443 95 504 sed
107 444 218 505 dicendi
241 447 410 506 mutavimus
426 465 519 546 genus
538 456 568 506 et
583 447 657 507 ultra
672 446 756 507 nobis
775 465 860 528 quam
882 449 1038 528 oportebat

52 527 220 598 indulsimus;
248 531 287 590 ita
310 546 368 589 non
390 538 449 590 tam
471 531 588 608 iugenio
612 530 655 591 illi
675 549 729 591 nos
753 542 926 610 superarunt
953 549 1038 612 quam

52 615 199 710 proposito.
242 613 331 674 llulta
354 631 427 692 ergo
446 613 546 676 iicebit
567 615 695 692 eligere;
721 615 773 676 sed
799 617 954 677 curandum
971 619 1036 693 erit,

52 711 80 754 ue
99 697 147 774 iis,
172 697 276 778 quibus
299 699 440 776 permixta
462 708 542 774 sunt,
565 701 756 779 inquinentur.
796 699 943 774 Quosdam
965 711 1079 765 veronu

52 780 122 839 etiam
130 798 239 861 ,quos
254 790 333 842 totos
350 783 453 842 imitari
468 791 620 862 oporteat,
645 791 674 843 et
695 784 787 844 luisse
808 802 900 864 nuper
916 793 946 845 et
962 803 1037 845 nunc

52 879 120 940 esse,
144 865 242 945 quidni
267 865 391 927 libenter
411 884 467 926 non
491 870 578 930 modo
604 868 801 928 concesserim
823 887 924 928 verum
953 871 1038 928 etiam

53 947 256 1010 contenderim?
290 951 348 1011 Sed
364 951 393 1010 hi
402 952 457 1050 'qui
475 953 548 1027 sint,
565 968 622 1011 nou
639 953 836 1032 cuiuscunque
852 961 897 1012 est
912 970 1036 1032 pronun·
1026 963 1081 1018 26

52 1031 119 1091 tiare.
150 1032 251 1093 l'ntius
268 1035 346 1097 circa
364 1035 479 1114 priores
493 1034 542 1095 vel
560 1044 688 1110 erratur,
711 1035 838 1116 ideoque
855 1036 930 1096 hanc
947 1054 1037 1098 novo·

51 1131 99 1174 rum
114 1116 210 1177 distuli
226 1118 398 1196 lectionem,
415 1136 452 1178 ne
468 1120 586 1180 imitatio
602 1119 737 1179 iudicium
754 1120 952 1183 antecederet.

254 1271 298 1322 DE
317 1271 543 1324 Divisionum
561 1273 810 1327 ranuncfflttusr.

119 1368 168 1427 Vl.
205 1368 270 1429 Fuit
286 1371 372 1430 etiam
394 1373 422 1430 in
438 1371 494 1432 hoc
512 1373 657 1433 diversum
673 1371 912 1452 praecipientium
927 1385 1036 1449 propo·

52 1449 136 1529 situm,
161 1453 240 1532 quod
260 1470 361 1514 eorum
377 1456 492 1535 quidam
509 1457 663 1532 materias,
686 1473 758 1535 quas
775 1454 925 1533 discipulis
943 1453 978 1513 ad
996 1453 1036 1512 di·

54 1536 157 1596 eeudnm
170 1537 286 1614 dabant,
300 1555 360 1598 nou
373 1541 500 1600 contenti
515 1540 656 1600 divisione
673 1539 799 1617 dirigere
815 1538 900 1598 latius
913 1536 1036 1599 diceudo

19 1621 306 1716 prosequebantur,
336 1641 393 1683 nee
424 1624 518 1683 solum
547 1623 766 1703 probationibus
797 1621 955 1701 implebant
985 1620 1037 1681 sed

19 1702 123 1772 :etiam
137 1705 301 1766 affectibus.
342 1705 417 1784 Alii,
442 1727 505 1768 cum
525 1709 631 1808 primas
649 1707 735 1768 modo
760 1706 852 1767 lineas
875 1706 1035 1782 duxissent
1046 1716 1068 1767 ι

57 1796 109 1862 post
129 1789 373 1867 declamationes,
404 1792 472 1871 quid
501 1793 648 1852 omisisset
680 1792 822 1870 quisque,
854 1789 1036 1858 tractabant3

55 1871 175 1948 quosdam
190 1891 263 1934 vero
286 1875 370 1935 locos
384 1892 442 1936 nou
464 1876 574 1935 minore
592 1885 676 1950 cura,
701 1891 785 1952 quam
808 1891 872 1933 cum
888 1873 923 1932 ad
939 1872 1037 1930 dicen-

53 1951 132 2014 dum·
124 1958 179 2036 rpsi
202 1968 374 2036 surgerent,
398 1959 583 2020 excolebant.
622 1919 701 2020 Utile
724 1966 894 2035 utrumqne,
920 1963 948 2016 et
970 1956 1036 2015 ideo

51 2047 165 2100 ιιιιιιιι
182 2039 217 2102 ab
236 2043 331 2103 altero
349 2061 471 2122 separo;
498 2043 551 2104 sed
567 2063 591 2103 ιι
585 2041 708 2104 'iacere
725 2050 833 2102 tantum
849 2041 971 2102 alterum
986 2057 1036 2098 ne-

53 2137 128 2182 cesse
137 2127 192 2201 sit,
216 2126 283 2204 plus
298 2128 429 2205 proderit
450 2129 666 2188 demonstrasse
686 2136 798 2186 rectam
813 2127 944 2206 protinus
962 2124 1037 2183 viam

52 2222 121 2283 quam
134 2225 278 2271 revocare
294 2209 330 2270 ab
346 2229 448 2272 errore
464 2214 519 2272 iam
537 2212 646 2292 lapsos.
678 2211 802 2272 Primum
819 2211 886 2288 quia
904 2205 1037 2268 emenda·
1045 2215 1069 2268 ι

52 2290 142 2352 tionem
158 2293 273 2354 auribus
297 2294 384 2355 modo
400 2297 562 2374 accipiunt,
587 2296 758 2356 divisionem
779 2311 852 2354 vero
873 2292 909 2353 ad
926 2292 1036 2368 cogita·

53 2355 142 2446 tionem
156 2379 241 2438 etiam
253 2387 283 2438 et
294 2378 390 2439 stilum
405 2380 569 2459 perierunt;
587 2379 690 2440 deinde
707 2377 785 2459 quod
800 2377 936 2439 libentius
951 2391 1036 2456 praej

53 2459 192 2538 cipiantem
208 2463 325 2523 audiunt
341 2481 425 2540 quam
440 2464 712 2543 reprehendentem.
748 2463 780 2523 Si
796 2464 932 2540 quivero
948 2458 1036 2538 paulo

51 2554 99 2604 mr
113 2546 295 2624 vivaciores,
319 2549 348 2606 iu
362 2547 405 2608 his
421 2550 593 2627 praesertim
608 2547 752 2623 moribus,
772 2549 857 2606 etiam
873 2547 1037 2604 irascuntur

46 2631 220 2690 timonitioni
245 2639 273 2690 et
297 2633 377 2691 taciti
398 2642 569 2710 repugnant.
609 2631 712 2711 Neque
734 2632 801 2694 ideo
827 2640 923 2690 tamen
944 2627 1036 2686 minus

41 2712 100 2774 itia
118 2722 222 2793 aperte
241 2717 428 2793 coarguenda
451 2725 525 2776 sunt.
568 2715 707 2777 llabenda
731 2716 806 2775 enim
829 2715 903 2775 ratio
920 2720 1034 2772 cetero·
1044 2689 1063 2770 l

64 2817 104 2874 m,
119 2799 173 2884 qui
189 2807 270 2859 reeta
289 2818 366 2874 esse,
384 2817 459 2879 quae
475 2810 652 2880 praeceptor
668 2817 726 2860 non
742 2797 955 2869 emendaverit,
973 2811 1036 2854 cre-

48 2891 109 2943 ent.
141 2881 272 2960 Utraque
290 2892 385 2944 autem
400 2886 473 2944 ratio
489 2885 638 2945 miscenda
654 2893 700 2944 est
716 2892 745 2943 et
759 2885 799 2943 ita
816 2880 982 2954 tractanda,
1006 2886 1037 2936 ut

37 2983 114 3047 psae
130 2983 179 3025 res
195 2967 391 3066 postulabunt.
415 2966 546 3052 Namque
561 2969 765 3048 incipientibus
779 2965 871 3027 danda
888 2964 942 3025 erit
956 2962 1061 3022 velut5

47 3050 227 3111 raelormata
242 3052 361 3113 materia
377 3050 534 3113 secundum
552 3053 692 3131 cuiusque
706 3054 800 3120 vires;
827 3059 857 3110 at
879 3067 943 3109 cum
964 3046 1034 3106 satis

45 3133 236 3213 omposuisse
250 3153 317 3195 sese
333 3135 369 3196 ad
385 3136 549 3215 exemplum
564 3136 746 3213 videbuntur,
765 3135 884 3215 praevia
896 3130 1036 3212 quaedam

22 3219 256 3280 demonstranda
272 3220 413 3297 vestigia,
439 3237 513 3319 quae
530 3221 703 3301 persecuti'
695 3239 750 3281 ram
769 3220 828 3279 suis
845 3217 955 3277 viribus
971 3214 1034 3272 sine

22 3301 205 3364 adminiculo
227 3304 367 3381 progredi
388 3305 510 3382 possint.
547 3303 757 3384 Nonnunquam
780 3303 860 3364 credi
880 3299 935 3360 sibi
952 3299 1060 3377 ipsos6

67 3387 190 3462 ortebit,
207 3404 245 3445 ne
260 3387 335 3448 mala
351 3389 560 3449 consuetudine
576 3407 692 3468 semper
704 3390 828 3451 alienum
844 3385 974 3446 laborem
990 3396 1035 3438 se-

67 3472 134 3533 endi
152 3432 225 3530 nilril
247 3488 302 3550 per
316 3489 350 3530 se
373 3473 472 3532 conari
487 3481 517 3534 et
538 3490 682 3554 quaerere
697 3474 798 3533 sciant.
838 3465 949 3542 Quodsi
965 3463 1035 3524 satis
