2494 3952
199 175 257 234 178
520 183 883 243 u.rao.ou1uu1n1nrv1

194 350 273 417 tare,
298 356 355 417 quo
374 339 441 400 solo
456 357 567 415 genere
585 335 803 398 exercitationis
819 337 922 397 dicitur
936 356 1002 396 usus
1018 354 1082 396 esse
1099 335 1176 415 Sulpr

195 426 268 485 cius.
298 421 374 482 Nam.
387 431 416 483 et
432 422 561 483 sublimis
576 422 694 500 spiritus
710 419 847 480 attollere
863 422 1021 482 orationem
1039 428 1147 499 potest,
1163 429 1189 480 et

193 507 285 570 verba
300 509 417 586 poetica
433 505 568 577 libertate
585 506 740 566 audaciora
752 521 810 564 uon
823 515 1008 585 praesumunt
1019 504 1118 564 eadem
1129 520 1189 580 pro·

196 593 260 672 prio
275 590 389 651 dicendi
409 590 586 650 facultatem.
615 589 674 649 Sed
692 598 721 648 et
735 589 806 666 ipsis
818 591 968 650 sententiis
985 589 1111 648 adiicere
1126 587 1190 646 licet

195 675 352 736 oratorium
379 674 468 734 robur
495 683 524 734 et
550 675 657 734 omissa
684 671 842 750 supplere,
872 673 964 733 effusa
989 671 1190 748 substringere.

165 759 297 839 oNeque
326 777 384 836 ego
405 758 603 838 paraphrasim
625 775 692 816 esse
719 757 986 834 interpretationem
1008 765 1114 816 tantum
1129 755 1191 814 volo

194 844 246 904 sed
259 845 337 904 circa
353 842 472 903 eosdem
484 860 588 902 seusus
603 849 750 901 certamen
762 849 850 918 atque
862 840 1094 901 aemulationem.
1117 839 1192 898 ldeo·

194 946 251 1007 que
268 927 303 986 ab
320 925 378 986 illis
396 926 552 1007 dissentio,
575 926 623 1003 qui
645 934 762 984 vertere
788 925 936 984 orationes
954 923 1070 984 latinas
1092 931 1191 998 vetant,

194 1013 260 1090 quia
282 1011 398 1089 optimis
423 1011 591 1088 occupatis,
616 1008 753 1086 quidquid
774 1007 859 1068 aliter
883 1008 1058 1082 dixerimus,
1077 1025 1192 1068 necesse

182 1097 230 1171 ‚sit
246 1113 313 1154 esse
329 1093 467 1154 deterius.
500 1093 571 1153 Nam
588 1111 683 1170 neque
705 1109 821 1170 semper
837 1101 882 1152 est
897 1092 1129 1170 desperandum,
1151 1091 1192 1150 ali·

193 1177 262 1258 quid
280 1179 349 1254 illis,
366 1195 440 1257 quae
457 1178 531 1238 dicta
550 1187 625 1250 suut,
637 1176 740 1235 melius
755 1193 845 1254 posse
861 1178 997 1254 reperiri;
1016 1193 1115 1254 neque
1128 1175 1191 1234 adeo

193 1263 316 1322 ieiunam
330 1279 364 1322 ac
379 1280 539 1341 pauperem
553 1271 652 1320 natura
668 1260 862 1339 eloquentiam
886 1260 973 1334 iecit,
998 1269 1030 1320 ut
1045 1277 1101 1318 uua
1118 1260 1153 1318 de
1166 1275 1191 1316 re

166 1346 270 1409 iibeue
286 1347 342 1407 dici
358 1347 413 1406 nisi
433 1344 525 1406 semel
542 1363 600 1404 uon
617 1346 719 1423 possit.
762 1341 824 1402 Nisi
838 1345 916 1404 forte
928 1344 1101 1404 histrionum
1116 1343 1191 1402 multa

194 1433 271 1490 circa
288 1447 380 1490 voces
397 1429 513 1490 easdem
530 1431 642 1489 variare
657 1437 758 1506 gestus
782 1437 896 1506 potest,
921 1429 1023 1488 orandi
1039 1428 1190 1500 minervis,

195 1523 226 1572 ut
241 1514 352 1574 dicatur
369 1513 493 1592 aliquid,
512 1522 579 1591 post
596 1514 673 1590 quod
695 1513 722 1571 in
743 1511 844 1572 eadem
866 1514 987 1572 materia
1008 1512 1082 1572 uihil
1103 1512 1190 1572 diceu-

194 1595 259 1656 dum
275 1599 321 1656 sit.
355 1595 413 1656 Sed
429 1606 505 1672 esto,
523 1614 619 1674 neque
635 1596 738 1656 melius
755 1597 831 1674 quod
845 1597 1004 1656 invenimus
1024 1615 1094 1656 esse
1108 1611 1191 1672 nequc

164 1689 181 1745 'l
195 1699 261 1759 par:
279 1690 323 1741 est
340 1690 421 1740 certe
437 1682 576 1758 proximis
592 1680 685 1740 locus.
726 1679 771 1738 An
786 1696 858 1739 vero
876 1681 933 1759 ipsi
947 1697 1006 1740 nou
1022 1680 1068 1740 bis
1085 1698 1119 1740 ac
1138 1696 1188 1738 sae·

194 1766 259 1843 pius
276 1765 313 1825 de
332 1765 431 1824 eadem
450 1763 620 1824 redicimus
643 1774 672 1824 et
694 1764 809 1842 quidem
833 1766 982 1824 continuas
1001 1780 1189 1842 nonuunquam

193 1847 376 1908 sententias?
408 1847 469 1908 Nisi
486 1849 562 1909 iorte
579 1849 757 1910 contendere
775 1847 925 1908 nobiscum
943 1864 1118 1926 possumus,
1139 1863 1190 1906 cun

193 1933 258 1992 aliis
273 1950 330 1992 nou
346 1950 509 2010 possumus.
547 1933 617 1992 Nam
635 1933 659 1990 si
681 1949 737 1991 uuo
753 1951 865 2010 genere
882 1931 958 1992 bene
976 1934 1139 1993 diceretur:
1156 1930 1189 1988 ias

194 2025 256 2075 erat
274 2019 430 2081 existimari
447 2018 629 2094 praeclusam
645 2015 728 2076 uobis
743 2035 759 2076 a
776 2016 920 2095 prioribus
932 2019 1023 2084 viam;
1042 2035 1118 2076 nuno
1131 2027 1189 2074 vero

193 2099 414 2159 innumerabiles
441 2110 506 2159 suut
530 2101 606 2160 modi
635 2101 833 2180 plurimaeque
859 2100 962 2160 eodem
991 2102 1060 2161 viae
1087 2101 1188 2162 ducunt.

72 2200 75 2214 ·
165 2185 251 2244 dsua
267 2183 400 2244 brevitati
417 2187 510 2261 gratia
528 2203 578 2244 sua
596 2186 709 2262 copiae,
728 2184 784 2244 alia
797 2185 942 2245 translatis
953 2185 1047 2244 virtus
1065 2184 1120 2245 alia
1135 2197 1188 2260 pro·

193 2269 274 2345 priis,
288 2269 345 2328 hoc
361 2271 453 2328 oratio
469 2278 550 2329 recta
562 2269 632 2328 illud
647 2269 739 2346 ligura
755 2267 1106 2329 declinatacommendat.
1135 2266 1189 2343 ipsu

193 2350 317 2430 denique
338 2353 488 2412 utilissima
511 2362 556 2412 est
578 2354 778 2413 exercitationi
804 2351 968 2412 diilicultas.
1005 2351 1102 2428 Quid,
1125 2345 1189 2428 qood

193 2445 329 2494 auctores
351 2437 464 2495 maximi
493 2438 536 2496 sic
566 2437 731 2515 diligentius
760 2438 996 2514 cognoscuntur?
1038 2435 1104 2496 Nou
1128 2434 1189 2492 euin

193 2520 301 2596 scripta
327 2516 455 2578 lectione
476 2538 580 2579 secura
604 2521 824 2581 transcurrimus
845 2519 898 2582 sed
915 2529 1073 2580 tractamus
1089 2515 1188 2595 singula

194 2611 223 2661 et
240 2604 409 2662 necessario
428 2605 640 2680 introspicimus
658 2613 698 2679 et,
715 2613 849 2683 quantum
864 2605 977 2664 virtutis
998 2604 1133 2680 habeant,
1150 2597 1187 2658 vel

193 2686 249 2760 hoc
265 2690 330 2764 ipso
348 2690 563 2764 cognoscimus,
581 2689 657 2766 quod
673 2689 774 2748 imitari
790 2705 846 2746 non
862 2705 1026 2766 possumus.

164 2777 181 2830 9
277 2769 341 2830 Nec
357 2772 449 2832 aliena
473 2781 577 2831 tautum
592 2772 751 2832 transferre
772 2772 824 2831 sed
848 2773 932 2831 etiam
955 2781 1054 2831 nostra
1071 2767 1187 2850 pluribus

193 2854 285 2913 modis
301 2865 427 2915 tractare
444 2858 588 2934 proderit:
611 2866 640 2916 ut
665 2874 703 2916 ex
724 2857 860 2915 industria
883 2874 1024 2915 sumamus
1041 2851 1189 2914 sententias

194 2937 331 3014 quasdam
352 2957 461 3016 easque
476 2959 626 3000 versemus
643 2958 726 3018 quam
742 2941 987 3014 numerosissime,
1003 2939 1084 2999 velut
1100 2935 1188 2996 eaden

146 3029 262 3082 luceru
279 3021 350 3081 alias
367 3022 496 3100 aliasque
511 3024 619 3083 formas
634 3024 700 3083 duci
715 3022 801 3082 solet.
830 3023 981 3082 Plurimum
997 3033 1091 3083 auteur
1104 3014 1188 3097 parari

193 3102 339 3164 facultatis
355 3109 487 3166 existimo
501 3127 537 3167 ex
553 3107 765 3185 simplicissima
781 3125 895 3186 quaque
906 3107 1035 3167 materia.
1061 3103 1131 3165 Nam
1147 3099 1187 3159 illa

193 3187 345 3267 multiplici
360 3207 559 3268 personarum,
577 3210 737 3266 causarum,
756 3200 929 3268 temporum,
948 3191 1087 3264 locorum,
1106 3187 1187 3246 dicto·

195 3288 275 3346 rum,
294 3273 436 3333 factorum
452 3275 619 3334 diversitate
635 3275 722 3334 iacile
744 3275 900 3335 delitescet
923 3275 1083 3347 iuhrmitas,
1101 3278 1141 3329 tot
1158 3283 1186 3324 se

80 3429 86 3432 ἢ
193 3354 319 3433 undique
336 3357 438 3433 rebus,
455 3358 610 3436 exquibus
627 3360 749 3436 aliquam
767 3359 980 3437 apprehendas,
998 3352 1185 3417 offerentibus.

152 3435 265 3498 lllllud
281 3442 393 3500 virtutis
410 3441 542 3502 iudicium
556 3453 611 3520 est,
628 3443 749 3502 iuudere
766 3451 839 3521 quae
850 3451 950 3503 natura
963 3447 1106 3502 contracta
1117 3441 1184 3506 sunt,

112 3694 155 3703 ..-
