2436 3956
159 221 199 284 36
477 230 839 291 n.nnn.qu1nr1o1nn1

159 389 308 470 quaestio,
328 404 412 465 quam
426 386 583 465 temporis,
603 394 666 444 utra
681 387 762 464 prior
778 386 828 453 sit;
849 393 896 444 aut
911 386 1076 464 qualitatis,
1102 397 1176 450 ntra

158 475 261 533 iustior
282 472 319 530 sit
346 471 459 549 petitio.
504 469 646 529 Diversae
674 485 790 547 quoque
818 468 902 546 leges
931 469 1095 547 confligunt
1119 483 1177 532 aut

131 556 277 620 lsimiles.
320 554 477 630 Diversae,
499 552 603 632 quibus
620 553 705 611 etiam
721 554 792 612 eitra
813 551 962 613 adversam
978 553 1079 632 legem
1097 573 1176 614 oon·

158 640 260 704 tradioi
275 641 384 717 possit,
408 647 439 696 ut
460 638 488 696 in
503 636 559 696 hao
576 635 790 696 controversia:
809 633 1011 715 Mopistrotue
1027 638 1069 698 ab
1087 657 1175 714 arce

157 744 196 785 ne
213 723 373 791 discedot-
394 721 443 781 vel
459 721 514 782 alia
532 720 610 780 nulla
627 719 759 779 obstante
778 722 878 797 quaeri
894 727 1008 798 potest,
1029 719 1088 782 Vir
1102 723 1178 801 for-

158 810 196 869 tis
221 826 281 883 ora,
305 807 457 885 quidquid
476 806 607 883 optarit,
629 806 774 884 occipere
796 804 915 865 debeat.
958 802 996 862 lit
1023 806 1052 865 iu
1074 809 1177 884 magi-

159 899 249 951 stratu
264 890 353 950 multa
369 889 516 964 dicentur,
536 887 638 966 quibus
654 889 791 965 seriptum
807 895 1004 966 expugnatum
1024 889 1048 947 si
1063 891 1176 950 ineen-

129 975 234 1036 5dium
251 975 279 1033 in
298 991 366 1032 arce
384 973 487 1046 inerit,
504 972 567 1030 siin
582 969 683 1030 hostes
698 970 917 1031 decurrendum.
943 971 1078 1048 Similes,
1098 991 1176 1033 oon·

158 1066 202 1118 tra
226 1075 297 1136 quas
321 1055 390 1116 nihil
407 1055 516 1133 opponi
531 1063 630 1133 potest
650 1055 704 1114 nisi
730 1053 779 1113 lex
799 1054 905 1114 altera:
932 1053 1177 1134 Tyrannicidae

157 1143 258 1220 imopo
285 1141 318 1200 in
341 1141 499 1220 ppmoorio
521 1145 674 1218 panarum·
709 1146 824 1214 contra,
851 1136 989 1199 Mulieris
1007 1141 1116 1218 imapo
1139 1143 1175 1203 irs

77 1273 80 1276 .
156 1225 521 1304 pymoosiooepoootnr.
555 1220 665 1284 Mulier
681 1229 843 1301 tyrannum
858 1223 978 1287 oceidit.
1023 1222 1102 1282 Nam
1118 1243 1173 1284 me·

161 1326 217 1386 que
239 1307 367 1367 mulieris
383 1308 477 1384 imago
494 1305 554 1365 ullo
571 1305 628 1365 alio
644 1323 713 1364 casu
733 1307 802 1382 poni
819 1315 917 1384 potest
937 1323 993 1366 neo
1008 1309 1173 1381 tyrannici-

129 1392 215 1452 idae
239 1391 299 1450 ullo
327 1390 383 1450 alio
411 1407 481 1449 casu
504 1391 686 1448 summoveri.
731 1387 859 1467 Inpares
882 1397 962 1467 sunt,
990 1407 1055 1450 curn
1082 1391 1173 1452 alteri

159 1473 247 1534 multa
273 1474 382 1552 opponi
398 1480 519 1551 possunt
541 1471 725 1547 alterinihil,
747 1473 801 1531 nisi
823 1472 900 1551 quod
922 1473 950 1531 in
971 1472 1021 1532 lite
1045 1484 1110 1533 est:
1140 1485 1173 1535 ut

160 1575 223 1617 oum
244 1557 293 1618 oir
311 1557 629 1634 fortis-impunitatem
652 1557 819 1634 desertoris
836 1555 921 1634 petit.
965 1555 1038 1616 Nam
1063 1568 1172 1620 eontra
1211 1569 1212 1572 ’

159 1640 256 1721 legem
271 1641 325 1699 viri
340 1639 440 1714 fortis,
456 1647 486 1698 nt
502 1655 589 1716 snpra
608 1639 737 1715 ostendi,
751 1639 839 1699 multa
855 1639 1002 1705 dicuntur:
1022 1639 1171 1702 adversus
1211 1697 1212 1700 ,

160 1724 328 1784 desertores
347 1724 455 1800 soripta
471 1739 528 1782 non
543 1731 641 1799 potest
656 1723 709 1781 nisi
728 1724 845 1800 optione
862 1723 1000 1782 subverti.

134 1815 151 1872 7
246 1805 318 1866 Item
342 1807 507 1866 confessum
527 1824 564 1866 ex
584 1815 706 1886 utraque
731 1815 813 1883 parte
836 1807 880 1864 ius
904 1816 949 1867 est
969 1816 1016 1866 aut
1037 1807 1168 1870 dubium.

161 1891 191 1952 Si
207 1891 373 1959 confessum
390 1900 450 1965 est,
468 1891 542 1950 haee
557 1890 620 1949 iere
637 1897 825 1967 quaeruntur:
843 1888 914 1950 Utra
929 1891 978 1950 lex
995 1891 1170 1968 potentiori
1211 1949 1212 1958 ἶ

161 1974 196 2034 ad
212 1974 284 2034 deos
307 1975 450 2053 pertineat
474 1992 509 2033 an
530 1972 565 2032 ad
584 1971 733 2032 homines?
765 1973 800 2031 ad
822 1991 883 2032 rem
904 1973 1049 2052 publicam
1070 1993 1109 2034 an
1132 1977 1169 2036 ad

159 2055 312 2135 privatos?
332 2056 368 2117 de
393 2058 504 2117 honore
521 2074 556 2116 an
577 2056 614 2115 de
631 2052 748 2134 poena?
771 2055 807 2115 de
828 2059 939 2134 magnis
960 2057 1048 2117 rebus
1070 2076 1110 2118 an
1130 2061 1169 2120 de

134 2138 283 2220 aparvis?
308 2143 453 2220 permittat
474 2158 509 2200 an
533 2148 613 2199 vetet
639 2157 673 2198 an
698 2136 841 2218 imperet?
876 2141 959 2201 Solet
979 2144 1099 2202 tractari
1126 2153 1168 2219 et,

159 2234 224 2285 ntra
238 2226 277 2284 sit
292 2225 451 2302 antiquior,
468 2233 497 2283 et
511 2223 591 2282 velut
606 2224 850 2302 potentissimum,
866 2233 929 2285 utra
943 2225 1034 2284 minus
1046 2226 1167 2304 perdat:

161 2318 191 2368 nt
206 2309 234 2368 in
251 2307 403 2368 desertore
417 2317 446 2368 et
457 2309 519 2366 viro
536 2306 619 2382 lorti,
637 2308 713 2386 qnod
724 2307 776 2366 illo
787 2325 844 2366 non
856 2310 955 2369 oooiso
972 2308 1022 2368 lex
1036 2317 1097 2370 tota
1110 2310 1167 2370 tol·
1190 2368 1193 2372 .

160 2391 250 2458 latur;
272 2392 388 2466 occiso,
409 2393 445 2449 sit
463 2391 577 2468 reliqua
591 2393 654 2450 viro
670 2390 739 2449 lorti
754 2391 810 2451 alia
829 2393 919 2470 optio.
954 2393 1109 2453 Plurimum
1124 2403 1167 2454 ta-

159 2489 225 2533 men
240 2483 286 2532 est
300 2475 329 2533 in
343 2472 418 2548 hoo,
434 2472 534 2532 Utrum
550 2474 612 2533 lieri
628 2476 665 2533 sit
679 2474 782 2534 melius
799 2484 885 2555 atque
901 2477 1035 2554 aequius;
1054 2476 1090 2536 de
1108 2494 1167 2556 quo

131 2559 233 2619 9oihil
246 2558 376 2635 praecipi
393 2557 447 2615 nisi
465 2557 616 2635 proposita
633 2559 751 2618 materia
766 2567 874 2636 potest.
915 2561 946 2620 si
964 2559 1093 2621 dubium:
1118 2570 1167 2620 ant

161 2640 246 2700 alteri
270 2649 318 2700 aut
337 2641 460 2700 invicem
476 2639 590 2720 utrique
612 2640 648 2701 de
672 2643 734 2702 iure
752 2642 783 2701 lit
800 2645 1016 2720 controversia,
1039 2653 1070 2703 nt
1086 2645 1116 2705 iu
1132 2663 1167 2704 re

160 2725 226 2784 tali:
244 2723 332 2786 Patri
342 2726 374 2786 ira
384 2725 495 2804 fitium,
508 2733 641 2803 patrono
655 2727 687 2787 in
697 2726 837 2788 libertum
848 2746 958 2788 monuo
971 2729 1093 2789 iniectio
1108 2730 1167 2799 sit‚·

160 2809 262 2869 liberti
272 2809 416 2870 heredem
429 2817 607 2886 aequantur.
642 2807 760 2872 Liberti
770 2810 866 2889 fitium
883 2812 1008 2889 quidam
1023 2811 1098 2890 fecit
1112 2812 1165 2873 lte·

160 2893 285 2954 realem.-
307 2893 437 2954 irroioem
450 2894 565 2971 petitur
579 2911 689 2954 monus
703 2894 824 2956 iniectio
830 2917 844 2964 ,·
866 2904 896 2954 et
910 2903 1049 2974 patronus
1067 2904 1164 2973 negat,

161 2982 205 3033 lus
220 2975 311 3053 patris
328 2974 371 3035 illi
388 2975 496 3053 fuisse,
516 2978 582 3055 quia
597 2979 661 3055 ipse
677 2979 705 3036 in
721 2995 804 3037 manu
819 2980 933 3057 patroni
947 2979 1043 3039 inerit.

123 3071 155 3121 1⁰
243 3057 384 3137 Duplioes
407 3058 491 3137 leges
513 3061 587 3120 sient
609 3061 682 3120 duae
705 3061 892 3123 colliduntur:
917 3071 946 3122 ut
961 3060 1078 3124 Notius
1094 3069 1165 3126 anie

161 3143 323 3220 lepitimum
334 3149 441 3220 noma,
453 3143 602 3222 lepitimus
612 3146 670 3215 ait,·
683 3153 751 3224 post
761 3147 940 3224 lepitimum,
953 3154 1069 3208 tamtum
1081 3148 1164 3208 eioir.

162 3225 247 3299 Quod
263 3226 300 3286 de
316 3226 446 3304 legibus,
472 3226 548 3287 idem
564 3227 601 3288 de
617 3229 876 3290 senatusoonsnltis
898 3230 1018 3298 diotum;
1047 3247 1119 3308 quae
1139 3230 1164 3289 si

162 3318 210 3368 aut
224 3311 299 3370 inter
315 3329 347 3370 se
365 3319 493 3388 pugnent
509 3319 556 3370 aut
571 3311 688 3373 obstent
702 3312 834 3390 legibus,
854 3322 1022 3377 nontamen
1037 3313 1112 3374 aliud
1127 3314 1163 3372 sit

163 3393 225 3452 eins
243 3402 334 3454 status
350 3410 463 3455 nornen.
1154 3415 1162 3422 ·
