2446 3962
326 135 414 224 rusa.
430 173 580 224 osunen.
596 175 666 222 ms.
683 173 778 242 11,15.
1018 165 1058 228 87

75 333 194 393 erutione
214 322 445 411 persuasibilia.
493 328 548 403 Qui
572 329 636 389 linis
651 339 680 391 et
701 330 771 392 illud
793 332 908 409 vitium,
937 334 975 394 de
1001 350 1057 411 qno

75 433 147 494 snpra
166 416 298 491 diximus,
312 414 399 474 habet
417 425 446 474 et
460 415 596 492 insuper,
613 414 691 492 quod
705 415 776 476 nihil
794 418 849 477 nisi
863 419 1059 480 inventionem

75 501 274 578 cornplectitur,
292 515 366 578 quae
378 499 441 558 sine
457 498 624 559 elocutione
641 515 697 559 non
714 509 760 560 εει
774 503 879 562 oratio.
909 501 1102 569 Herma-14

73 602 189 660 gerse,
209 585 257 662 qui
280 583 365 644 linem
383 585 447 642 eins
471 600 539 643 esse
558 585 598 643 ait
616 585 863 662 persuasibiliter
885 587 1006 664 dicere,
1029 597 1060 648 ει

74 668 135 742 aliis,
156 670 202 747 qui
217 667 338 728 eandem
356 669 527 728 sententiam
541 684 599 726 non
613 668 714 728 iisdem
728 677 838 729 tanaim
851 671 950 731 verbis
966 672 1059 750 expli-

32 779 36 844 p
75 761 127 811 cart
141 770 172 812 ac
187 752 272 812 finem
281 769 350 813 esse
361 752 557 813 demonstrant
569 753 685 829 dicere,
701 769 783 832 quae
794 763 942 834 oporteat,
957 757 1059 837 omniu

32 849 34 872 ¹
74 838 110 896 cd
118 839 374 914 permadendum,
391 839 462 897 sutis
477 851 651 914 responsum
665 846 723 912 est,
737 855 801 896 cum
812 838 991 916 persuadere
1002 857 1060 898 non

74 928 164 980 tantum
183 924 308 981 oratoris
325 937 392 981 esse
409 921 596 982 convicimus.
628 919 734 980 audita
752 931 818 981 sunt
837 923 882 982 his
898 922 954 983 alia
969 925 1060 983 varie.
1071 937 1102 987 15

74 1003 177 1076 Quidam
195 1008 271 1065 enim
295 1007 382 1067 circa
402 1025 454 1067 res
472 1022 590 1081 omnes,
612 1005 725 1082 quidam
743 1008 830 1068 circu
851 1009 955 1070 ciuiles
973 1007 1060 1068 modo

72 1091 167 1148 versari
184 1089 352 1151 rhetoricen
373 1098 558 1169 putaverunt:
581 1105 701 1166 quorum
721 1092 819 1149 verius
841 1101 934 1150 ntroin
955 1093 1009 1167 sit,
1031 1094 1061 1151 in

74 1189 103 1231 eo
118 1173 195 1250 loco,
217 1176 266 1254 qui
290 1174 373 1234 huius
394 1175 572 1252 quaestionis
587 1175 722 1252 proprius
738 1183 799 1250 est,
821 1175 923 1234 dicam.
961 1173 1061 1236 Omnia
1071 1185 1104 1241 16

73 1255 218 1318 subiecisse
234 1259 346 1320 oratori
357 1258 472 1319 videtur
490 1255 742 1334 Aristoteles,
763 1275 827 1317 cum
840 1259 911 1318 dixit
923 1261 984 1319 eim
996 1278 1062 1321 esse

73 1341 198 1418 eiciendi,
222 1345 301 1421 quid
321 1345 353 1404 in
373 1359 494 1422 quaque
511 1361 547 1403 re
562 1345 662 1421 possit
685 1361 752 1404 esse
771 1344 987 1421 percussibile.
1025 1343 1063 1402 Et

27 1457 29 1492 r
74 1422 275 1503 Patrocles,
302 1428 351 1506 qui
368 1444 425 1488 non
442 1427 557 1505 quidem
571 1426 669 1487 adiicit
683 1429 716 1488 in
735 1442 859 1506 quicque
872 1445 925 1504 re,
947 1426 1000 1487 sed
1020 1429 1062 1486 ni·

26 1495 30 1578 l
74 1505 107 1567 lil
122 1513 291 1590 excipiendo
316 1511 392 1572 idem
414 1510 557 1586 ostendit,
582 1513 643 1572 cim
667 1513 741 1572 enim
763 1521 851 1572 vocat
873 1513 1060 1587 inveniendi,

25 1610 26 1648 1
75 1597 144 1668 ocni
158 1597 196 1656 sit
213 1599 247 1658 in
264 1598 406 1659 oratioue
421 1597 648 1674 persuasibile,·
675 1598 723 1672 qui
744 1595 816 1654 lines
839 1605 868 1655 et
887 1598 943 1674 ipsi
970 1596 1063 1656 solam

25 1691 26 1700 ¹
79 1679 291 1757 complectuntur
311 1682 515 1740 inventionem.
559 1678 644 1753 Quod
663 1682 763 1739 vitium
785 1680 901 1757 fugiens
924 1678 1062 1740 Diodo-

24 1724 28 1824 l
78 1775 125 1818 rus
143 1767 200 1826 mm
219 1774 303 1845 putat
316 1766 493 1827 inveniendi
512 1772 541 1824 et
554 1765 700 1842 loquendi
720 1783 789 1824 cum
802 1773 913 1826 ornatu
928 1766 1063 1826 credibi-

74 1841 147 1906 tarn
160 1851 239 1911 omni
253 1851 402 1912 oratione.
440 1848 500 1910 Sed
522 1865 586 1906 cum
608 1848 711 1906 eodem
734 1847 820 1906 modo
838 1846 988 1908 credibilia
1006 1853 1104 1925 quoll

74 1933 260 2004 persuasibilia
285 1936 370 1995 etiam
391 1951 449 1993 non
464 1940 565 1992 orator
579 1932 722 2008 inveniat,
747 1929 909 1992 adiiciendo
931 1932 963 1992 in
984 1934 1065 1993 omni

72 2017 194 2078 medone
219 2021 313 2096 magis
346 2035 430 2096 quam
452 2018 622 2095 superiores
650 2015 785 2076 concedit
807 2015 922 2076 scelere
946 2032 1064 2094 qnoque

73 2097 242 2162 suadentibus
259 2102 474 2182 pulcherrimae
489 2103 533 2160 rei
547 2117 661 2160 nomen.
697 2099 853 2176 Gorgias
876 2101 952 2179 apud
967 2099 1063 2161 Plato·
1073 2105 1107 2159 18

73 2195 127 2240 nem
145 2186 282 2246 suadendi
304 2205 337 2246 se
360 2185 499 2246 artificem
521 2187 553 2247 in
569 2185 695 2246 iudiciis
716 2195 744 2245 et
757 2186 830 2246 aliis
847 2185 983 2246 coetibus
996 2203 1063 2244 esse

72 2263 113 2339 ait,
131 2270 167 2330 de
179 2271 269 2333 iustis
286 2283 405 2349 quoque
420 2280 449 2331 et
462 2271 583 2331 iniustis
597 2276 756 2339 tractere,·
773 2269 819 2327 cui
835 2269 975 2327 Socrates
995 2285 1061 2346 per·

74 2350 198 2414 suadendi
222 2372 282 2415 non
305 2354 430 2415 docendi
453 2353 588 2414 concedit
607 2351 783 2412 facultatem.
830 2351 886 2425 Qui
911 2369 983 2412 vero
1005 2355 1107 2411 non19

73 2437 154 2494 omnia
173 2438 365 2500 subiiciebant
385 2441 510 2515 oratori,
535 2431 687 2497 sollicitius
715 2455 750 2496 ac
772 2435 943 2513 verbosius,
969 2445 999 2496 nt
1013 2455 1063 2495 ne·

23 2589 24 2598 ¹
74 2531 148 2578 cesse
163 2532 240 2600 erat,
266 2522 456 2583 adhibuerunt
478 2523 654 2591 discrimina;
679 2537 800 2599 quorum
821 2520 874 2581 luit
890 2520 1063 2596 Ariston,

23 2609 24 2622 ¹
74 2595 181 2664 Critolai
197 2606 384 2686 Peripatetici
401 2607 577 2686 discipulus,
600 2608 681 2669 culus
701 2605 749 2665 hic
772 2604 835 2663 linis
851 2613 912 2681 est,
934 2606 1066 2666 scientie

73 2685 185 2750 ridendi
199 2701 227 2753 et
241 2692 357 2772 apendi
369 2693 402 2752 in
426 2691 654 2770 quaestionibus
669 2689 810 2751 ciuilibus
823 2691 1066 2766 perorationem

22 2775 24 2798 ³
72 2773 220 2848 populeris
236 2778 462 2856 persuasionis
504 2773 558 2835 llic
580 2776 747 2848 scientiam,
772 2773 838 2850 quia
854 2771 1065 2851 Peripateticus
1073 2779 1109 2832 20

76 2861 126 2929 est,
144 2875 216 2935 non,
239 2868 271 2919 ut
292 2860 401 2936 Stoici,
422 2861 537 2919 virtutis
560 2858 627 2918 loco
650 2859 745 2936 ponit;
775 2855 947 2936 popularem
970 2865 1067 2916 autem

76 2942 338 3018 comprehendendo
354 2945 574 3024 persuasionem
600 2945 685 3002 etiam
702 2940 928 3001 contumeliosus
950 2950 995 3000 est
1017 2942 1066 3000 ad·

74 3035 166 3083 versus
187 3037 277 3088 artem
301 3028 420 3106 orandi,
444 3045 528 3107 quom
547 3025 618 3087 nihil
640 3033 721 3106 putat
741 3024 835 3085 doctis
849 3024 1065 3104 persn‘asuram.

76 3098 140 3166 ¹¹¹·ul
155 3109 189 3169 de
205 3112 353 3189 omnihus,
379 3114 427 3192 qui
451 3115 529 3172 circa
550 3111 653 3170 civiles
668 3110 781 3170 demum
796 3111 984 3186 quaestiones
1001 3124 1066 3167 ora·

115 3207 158 3250 em
175 3195 300 3256 iudicant
324 3197 453 3272 versari,
481 3196 587 3256 dictum
611 3197 665 3270 sit,
691 3193 807 3253 excludi
829 3193 863 3254 ab
882 3193 928 3252 his
944 3191 1066 3270 plurima

114 3278 188 3336 ttorls
205 3280 317 3356 cilicia,
337 3281 415 3342 illam
432 3289 513 3339 certe
529 3280 700 3340 laudativam
715 3286 818 3355 totam,
841 3295 917 3355 quae
940 3285 986 3335 est
1000 3275 1066 3334 rhe·
1186 3335 1189 3362 ι

114 3358 174 3419 ices
196 3381 263 3442 pars
283 3367 379 3425 tertia.
417 3361 536 3424 (lautius
561 3362 778 3423 Theodorus
806 3361 1009 3434 Gadareus,
1036 3367 1109 3422 atat

113 3456 126 3498 n
145 3445 178 3504 ad
197 3465 248 3508 eos
264 3451 428 3524 veniamus,
457 3450 505 3527 qui
524 3456 614 3507 artem
636 3447 750 3527 quidem
772 3463 838 3504 esse
863 3463 926 3506 eam
943 3445 1067 3504 sednon
