<?xml version="1.0" encoding="UTF-8"?>
<!DOCTYPE html PUBLIC "-//W3C//DTD XHTML 1.0 Transitional//EN"
    "http://www.w3.org/TR/xhtml1/DTD/xhtml1-transitional.dtd">
<html xmlns="http://www.w3.org/1999/xhtml" xml:lang="en" lang="en">
 <head>
  <title>
</title>
<meta http-equiv="Content-Type" content="text/html;charset=utf-8" />
  <meta name='ocr-system' content='tesseract 3.04.00' />
  <meta name='ocr-capabilities' content='ocr_page ocr_carea ocr_par ocr_line ocrx_word'/>
</head>
<body>
  <div class='ocr_page' id='page_1' title='image "./mfabiiquintilia04quingoog_0084.png"; bbox 0 0 2444 3972; ppageno 0'>
   <div class='ocr_carea' id='block_1_1' title="bbox 29 185 1144 3611">
    <p class='ocr_par' dir='ltr' id='par_1_1' title="bbox 29 157 1052 352">
     <span class='ocr_line' id='line_1_1' title="bbox 29 185 1052 352; baseline -0.001 -106"><span class='ocrx_word' id='word_1_1' title='bbox 29 205 33 352; x_wconf 72' lang='lat' dir='ltr'>q</span> <span class='ocrx_word' id='word_1_2' title='bbox 318 199 407 248; x_wconf 80' lang='lat' dir='ltr'>mrsu.</span> <span class='ocrx_word' id='word_1_3' title='bbox 425 197 574 246; x_wconf 79' lang='lat' dir='ltr'>onuron.</span> <span class='ocrx_word' id='word_1_4' title='bbox 593 198 663 244; x_wconf 72' lang='lat' dir='ltr'>mu,</span> <span class='ocrx_word' id='word_1_5' title='bbox 683 198 710 244; x_wconf 93' lang='lat'>11</span> <span class='ocrx_word' id='word_1_6' title='bbox 720 229 729 264; x_wconf 96' lang='lat'>,</span> <span class='ocrx_word' id='word_1_7' title='bbox 746 195 787 248; x_wconf 78' lang='lat'>12.</span> <span class='ocrx_word' id='word_1_8' title='bbox 1014 185 1052 245; x_wconf 86' lang='lat'>81</span> 
     </span>
    </p>

    <p class='ocr_par' dir='ltr' id='par_1_2' title="bbox 29 351 1082 683">
     <span class='ocr_line' id='line_1_2' title="bbox 29 351 1054 433; baseline -0.004 -19"><span class='ocrx_word' id='word_1_9' title='bbox 29 353 31 380; x_wconf 75' lang='lat'>²</span> <span class='ocrx_word' id='word_1_10' title='bbox 65 373 111 433; x_wconf 88' lang='lat' dir='ltr'>quc</span> <span class='ocrx_word' id='word_1_11' title='bbox 134 354 267 433; x_wconf 89' lang='lat' dir='ltr'>perdite,</span> <span class='ocrx_word' id='word_1_12' title='bbox 290 352 365 412; x_wconf 88' lang='lat' dir='ltr'>uude</span> <span class='ocrx_word' id='word_1_13' title='bbox 389 354 487 412; x_wconf 83' lang='lat' dir='ltr'>evenit</span> <span class='ocrx_word' id='word_1_14' title='bbox 507 370 727 432; x_wconf 89' lang='lat' dir='ltr'>nonnunquam,</span> <span class='ocrx_word' id='word_1_15' title='bbox 757 361 787 412; x_wconf 92' lang='lat' dir='ltr'>ut</span> <span class='ocrx_word' id='word_1_16' title='bbox 813 352 921 433; x_wconf 88' lang='lat' dir='ltr'>aliquid</span> <span class='ocrx_word' id='word_1_17' title='bbox 943 351 1054 430; x_wconf 79' lang='lat' dir='ltr'>grande</span> 
     </span>
     <span class='ocr_line' id='line_1_3' title="bbox 64 437 1055 517; baseline -0.002 -21"><span class='ocrx_word' id='word_1_18' title='bbox 64 439 191 513; x_wconf 83' lang='lat' dir='ltr'>iuveniat,</span> <span class='ocrx_word' id='word_1_19' title='bbox 209 439 259 515; x_wconf 91' lang='lat' dir='ltr'>qui</span> <span class='ocrx_word' id='word_1_20' title='bbox 276 454 393 516; x_wconf 85' lang='lat' dir='ltr'>semper</span> <span class='ocrx_word' id='word_1_21' title='bbox 409 438 540 517; x_wconf 89' lang='lat' dir='ltr'>quaerit,</span> <span class='ocrx_word' id='word_1_22' title='bbox 558 437 635 517; x_wconf 92' lang='lat' dir='ltr'>quod</span> <span class='ocrx_word' id='word_1_23' title='bbox 653 437 766 497; x_wconf 90' lang='lat' dir='ltr'>nimium</span> <span class='ocrx_word' id='word_1_24' title='bbox 784 445 844 505; x_wconf 92' lang='lat' dir='ltr'>est;</span> <span class='ocrx_word' id='word_1_25' title='bbox 861 455 963 496; x_wconf 89' lang='lat' dir='ltr'>verum</span> <span class='ocrx_word' id='word_1_26' title='bbox 978 437 1006 496; x_wconf 93' lang='lat' dir='ltr'>id</span> <span class='ocrx_word' id='word_1_27' title='bbox 1025 445 1055 496; x_wconf 89' lang='lat' dir='ltr'>et</span> 
     </span>
     <span class='ocr_line' id='line_1_4' title="bbox 64 520 1082 600; baseline 0.002 -20"><span class='ocrx_word' id='word_1_28' title='bbox 64 537 118 581; x_wconf 85' lang='lat' dir='ltr'>raro</span> <span class='ocrx_word' id='word_1_29' title='bbox 133 523 285 600; x_wconf 86' lang='lat' dir='ltr'>provenit,</span> <span class='ocrx_word' id='word_1_30' title='bbox 310 529 340 580; x_wconf 91' lang='lat' dir='ltr'>et</span> <span class='ocrx_word' id='word_1_31' title='bbox 362 529 441 580; x_wconf 88' lang='lat' dir='ltr'>certa</span> <span class='ocrx_word' id='word_1_32' title='bbox 462 523 530 580; x_wconf 87' lang='lat' dir='ltr'>vitia</span> <span class='ocrx_word' id='word_1_33' title='bbox 544 538 601 580; x_wconf 94' lang='lat' dir='ltr'>non</span> <span class='ocrx_word' id='word_1_34' title='bbox 617 529 730 599; x_wconf 91' lang='lat' dir='ltr'>pensat.</span> <span class='ocrx_word' id='word_1_35' title='bbox 771 520 895 598; x_wconf 82' lang='lat' dir='ltr'><strong>Propter</strong></span> <span class='ocrx_word' id='word_1_36' title='bbox 908 521 966 580; x_wconf 90' lang='lat' dir='ltr'>hoc</span> <span class='ocrx_word' id='word_1_37' title='bbox 982 530 1082 598; x_wconf 84' lang='lat' dir='ltr'>quo-6</span> 
     </span>
     <span class='ocr_line' id='line_1_5' title="bbox 65 604 1053 683; baseline -0.002 -18"><span class='ocrx_word' id='word_1_38' title='bbox 65 624 111 683; x_wconf 87' lang='lat' dir='ltr'>quc</span> <span class='ocrx_word' id='word_1_39' title='bbox 125 606 266 666; x_wconf 91' lang='lat' dir='ltr'>interdum</span> <span class='ocrx_word' id='word_1_40' title='bbox 279 604 412 665; x_wconf 81' lang='lat' dir='ltr'>ridentur</span> <span class='ocrx_word' id='word_1_41' title='bbox 426 605 535 664; x_wconf 86' lang='lat' dir='ltr'>indocti</span> <span class='ocrx_word' id='word_1_42' title='bbox 549 607 662 683; x_wconf 90' lang='lat' dir='ltr'>copiam</span> <span class='ocrx_word' id='word_1_43' title='bbox 677 604 787 665; x_wconf 90' lang='lat' dir='ltr'>habere</span> <span class='ocrx_word' id='word_1_44' title='bbox 801 607 955 679; x_wconf 86' lang='lat' dir='ltr'>maiorem,</span> <span class='ocrx_word' id='word_1_45' title='bbox 975 604 1053 682; x_wconf 91' lang='lat' dir='ltr'>qnod</span> 
     </span>
    </p>

    <p class='ocr_par' dir='ltr' id='par_1_3' title="bbox 29 687 1052 763">
     <span class='ocr_line' id='line_1_6' title="bbox 29 687 1052 763; baseline -0.001 -15"><span class='ocrx_word' id='word_1_46' title='bbox 29 743 30 756; x_wconf 69' lang='grc'>,</span> <span class='ocrx_word' id='word_1_47' title='bbox 64 689 146 748; x_wconf 87' lang='lat' dir='ltr'>dicunt</span> <span class='ocrx_word' id='word_1_48' title='bbox 162 691 272 757; x_wconf 90' lang='lat' dir='ltr'>omnia;</span> <span class='ocrx_word' id='word_1_49' title='bbox 295 689 389 749; x_wconf 89' lang='lat' dir='ltr'>doctis</span> <span class='ocrx_word' id='word_1_50' title='bbox 413 697 458 748; x_wconf 89' lang='lat' dir='ltr'>est</span> <span class='ocrx_word' id='word_1_51' title='bbox 480 698 509 748; x_wconf 89' lang='lat' dir='ltr'>et</span> <span class='ocrx_word' id='word_1_52' title='bbox 530 687 637 749; x_wconf 76' lang='lat' dir='ltr'>electio</span> <span class='ocrx_word' id='word_1_53' title='bbox 663 698 692 748; x_wconf 89' lang='lat' dir='ltr'>et</span> <span class='ocrx_word' id='word_1_54' title='bbox 705 688 818 748; x_wconf 88' lang='lat' dir='ltr'>modus.</span> <span class='ocrx_word' id='word_1_55' title='bbox 860 687 912 748; x_wconf 88' lang='lat' dir='ltr'>His</span> <span class='ocrx_word' id='word_1_56' title='bbox 927 689 1052 763; x_wconf 85' lang='lat' dir='ltr'>accedit,</span> 
     </span>
    </p>

    <p class='ocr_par' dir='ltr' id='par_1_4' title="bbox 29 765 1053 850">
     <span class='ocr_line' id='line_1_7' title="bbox 29 765 1053 850; baseline -0.002 -17"><span class='ocrx_word' id='word_1_57' title='bbox 29 765 31 846; x_wconf 78' lang='lat' dir='ltr'>l</span> <span class='ocrx_word' id='word_1_58' title='bbox 65 773 157 850; x_wconf 88' lang='lat' dir='ltr'>quoda</span> <span class='ocrx_word' id='word_1_59' title='bbox 173 791 242 833; x_wconf 85' lang='lat' dir='ltr'>cura</span> <span class='ocrx_word' id='word_1_60' title='bbox 258 773 397 847; x_wconf 87' lang='lat' dir='ltr'>docendi,</span> <span class='ocrx_word' id='word_1_61' title='bbox 422 773 499 850; x_wconf 91' lang='lat' dir='ltr'>quod</span> <span class='ocrx_word' id='word_1_62' title='bbox 514 773 706 847; x_wconf 87' lang='lat' dir='ltr'>intenderunt,</span> <span class='ocrx_word' id='word_1_63' title='bbox 723 773 872 832; x_wconf 88' lang='lat' dir='ltr'>recedunt.</span> <span class='ocrx_word' id='word_1_64' title='bbox 903 771 1005 849; x_wconf 90' lang='lat' dir='ltr'>ltaque</span> <span class='ocrx_word' id='word_1_65' title='bbox 1019 771 1053 831; x_wconf 93' lang='lat' dir='ltr'>il-</span> 
     </span>
    </p>

    <p class='ocr_par' dir='ltr' id='par_1_5' title="bbox 29 855 1053 940">
     <span class='ocr_line' id='line_1_8' title="bbox 29 855 1053 940; baseline -0.001 -25"><span class='ocrx_word' id='word_1_66' title='bbox 29 857 32 940; x_wconf 62' lang='lat'>,</span> <span class='ocrx_word' id='word_1_67' title='bbox 64 856 103 916; x_wconf 90' lang='lat' dir='ltr'>lud</span> <span class='ocrx_word' id='word_1_68' title='bbox 117 859 315 935; x_wconf 82' lang='lat' dir='ltr'>quaestionum</span> <span class='ocrx_word' id='word_1_69' title='bbox 331 865 360 915; x_wconf 88' lang='lat' dir='ltr'>et</span> <span class='ocrx_word' id='word_1_70' title='bbox 380 866 614 933; x_wconf 74' lang='lat' dir='ltr'>argumentorum</span> <span class='ocrx_word' id='word_1_71' title='bbox 635 856 710 935; x_wconf 88' lang='lat' dir='ltr'>apud</span> <span class='ocrx_word' id='word_1_72' title='bbox 733 865 869 934; x_wconf 90' lang='lat' dir='ltr'>corrupta</span> <span class='ocrx_word' id='word_1_73' title='bbox 884 856 988 916; x_wconf 90' lang='lat' dir='ltr'>indicia</span> <span class='ocrx_word' id='word_1_74' title='bbox 1004 855 1053 914; x_wconf 88' lang='lat' dir='ltr'>iri·</span> 
     </span>
    </p>

    <p class='ocr_par' dir='ltr' id='par_1_6' title="bbox 29 938 1053 1020">
     <span class='ocr_line' id='line_1_9' title="bbox 29 938 1053 1020; baseline -0.001 -22"><span class='ocrx_word' id='word_1_75' title='bbox 29 951 30 954; x_wconf 74' lang='grc'>’</span> <span class='ocrx_word' id='word_1_76' title='bbox 64 957 108 1016; x_wconf 78' lang='lat' dir='ltr'>qus</span> <span class='ocrx_word' id='word_1_77' title='bbox 121 943 225 1001; x_wconf 83' lang='lat' dir='ltr'>evitant</span> <span class='ocrx_word' id='word_1_78' title='bbox 241 940 370 1019; x_wconf 86' lang='lat' dir='ltr'>nihilque</span> <span class='ocrx_word' id='word_1_79' title='bbox 385 940 478 1017; x_wconf 86' lang='lat' dir='ltr'>aliud,</span> <span class='ocrx_word' id='word_1_80' title='bbox 495 959 578 1018; x_wconf 90' lang='lat' dir='ltr'>quam</span> <span class='ocrx_word' id='word_1_81' title='bbox 597 941 674 1020; x_wconf 92' lang='lat' dir='ltr'>quod</span> <span class='ocrx_word' id='word_1_82' title='bbox 685 940 734 1000; x_wconf 88' lang='lat' dir='ltr'>vel</span> <span class='ocrx_word' id='word_1_83' title='bbox 747 941 844 1018; x_wconf 84' lang='lat' dir='ltr'>pravis</span> <span class='ocrx_word' id='word_1_84' title='bbox 855 938 1053 1019; x_wconf 86' lang='lat' dir='ltr'>voluptatibus</span> 
     </span>
    </p>

    <p class='ocr_par' dir='ltr' id='par_1_7' title="bbox 29 959 1079 1104">
     <span class='ocr_line' id='line_1_10' title="bbox 29 959 1079 1104; baseline 0.003 -23"><span class='ocrx_word' id='word_1_85' title='bbox 29 959 34 1090; x_wconf 66' lang='lat' dir='ltr'>l</span> <span class='ocrx_word' id='word_1_86' title='bbox 64 1041 135 1084; x_wconf 89' lang='lat' dir='ltr'>aures</span> <span class='ocrx_word' id='word_1_87' title='bbox 149 1026 344 1085; x_wconf 88' lang='lat' dir='ltr'>assistentium</span> <span class='ocrx_word' id='word_1_88' title='bbox 359 1025 548 1104; x_wconf 87' lang='lat' dir='ltr'>permulceat,</span> <span class='ocrx_word' id='word_1_89' title='bbox 566 1033 716 1102; x_wconf 91' lang='lat' dir='ltr'>quaerunt.</span> <span class='ocrx_word' id='word_1_90' title='bbox 752 1025 920 1085; x_wconf 75' lang='lat' dir='ltr'>Sententiae</span> <span class='ocrx_word' id='word_1_91' title='bbox 937 1028 1079 1102; x_wconf 81' lang='lat' dir='ltr'>quoquei</span> 
     </span>
    </p>

    <p class='ocr_par' dir='ltr' id='par_1_8' title="bbox 63 1108 1053 1187">
     <span class='ocr_line' id='line_1_11' title="bbox 63 1108 1053 1187; baseline 0.004 -24"><span class='ocrx_word' id='word_1_92' title='bbox 63 1108 147 1186; x_wconf 82' lang='lat' dir='ltr'>ipsae,</span> <span class='ocrx_word' id='word_1_93' title='bbox 168 1127 239 1187; x_wconf 89' lang='lat' dir='ltr'>quas</span> <span class='ocrx_word' id='word_1_94' title='bbox 263 1109 342 1168; x_wconf 91' lang='lat' dir='ltr'>solas</span> <span class='ocrx_word' id='word_1_95' title='bbox 359 1117 477 1186; x_wconf 92' lang='lat' dir='ltr'>petunt,</span> <span class='ocrx_word' id='word_1_96' title='bbox 499 1111 590 1186; x_wconf 84' lang='lat' dir='ltr'>magis</span> <span class='ocrx_word' id='word_1_97' title='bbox 616 1111 756 1185; x_wconf 82' lang='lat' dir='ltr'>eminent,</span> <span class='ocrx_word' id='word_1_98' title='bbox 782 1127 845 1168; x_wconf 90' lang='lat' dir='ltr'>cum</span> <span class='ocrx_word' id='word_1_99' title='bbox 866 1111 959 1168; x_wconf 89' lang='lat' dir='ltr'>omnia</span> <span class='ocrx_word' id='word_1_100' title='bbox 975 1109 1053 1167; x_wconf 88' lang='lat' dir='ltr'>circa</span> 
     </span>
    </p>

    <p class='ocr_par' dir='ltr' id='par_1_9' title="bbox 63 1191 1051 1266">
     <span class='ocr_line' id='line_1_12' title="bbox 63 1191 1051 1266; baseline 0.003 -18"><span class='ocrx_word' id='word_1_101' title='bbox 63 1191 117 1252; x_wconf 87' lang='lat' dir='ltr'>illas</span> <span class='ocrx_word' id='word_1_102' title='bbox 138 1194 253 1255; x_wconf 88' lang='lat' dir='ltr'>sordida</span> <span class='ocrx_word' id='word_1_103' title='bbox 270 1200 298 1252; x_wconf 95' lang='lat' dir='ltr'>et</span> <span class='ocrx_word' id='word_1_104' title='bbox 321 1192 433 1253; x_wconf 86' lang='lat' dir='ltr'>abiecta</span> <span class='ocrx_word' id='word_1_105' title='bbox 455 1201 533 1262; x_wconf 88' lang='lat' dir='ltr'>sunt;</span> <span class='ocrx_word' id='word_1_106' title='bbox 555 1201 585 1251; x_wconf 92' lang='lat' dir='ltr'>ut</span> <span class='ocrx_word' id='word_1_107' title='bbox 603 1193 707 1252; x_wconf 89' lang='lat' dir='ltr'>lumina</span> <span class='ocrx_word' id='word_1_108' title='bbox 733 1209 790 1251; x_wconf 92' lang='lat' dir='ltr'>non</span> <span class='ocrx_word' id='word_1_109' title='bbox 813 1195 894 1253; x_wconf 81' lang='lat' dir='ltr'>inter</span> <span class='ocrx_word' id='word_1_110' title='bbox 913 1193 1051 1266; x_wconf 84' lang='lat' dir='ltr'>umbras,</span> 
     </span>
    </p>

    <p class='ocr_par' dir='ltr' id='par_1_10' title="bbox 65 1273 1053 1355">
     <span class='ocr_line' id='line_1_13' title="bbox 65 1273 1053 1355; baseline -0.001 -21"><span class='ocrx_word' id='word_1_111' title='bbox 65 1277 286 1352; x_wconf 86' lang='lat' dir='ltr'>quemadmodum</span> <span class='ocrx_word' id='word_1_112' title='bbox 310 1275 415 1336; x_wconf 81' lang='lat' dir='ltr'>Cicero</span> <span class='ocrx_word' id='word_1_113' title='bbox 439 1275 523 1352; x_wconf 90' lang='lat' dir='ltr'>dicit,</span> <span class='ocrx_word' id='word_1_114' title='bbox 547 1277 599 1336; x_wconf 90' lang='lat' dir='ltr'>sed</span> <span class='ocrx_word' id='word_1_115' title='bbox 624 1276 711 1355; x_wconf 87' lang='lat' dir='ltr'>plane</span> <span class='ocrx_word' id='word_1_116' title='bbox 731 1277 759 1334; x_wconf 94' lang='lat' dir='ltr'>in</span> <span class='ocrx_word' id='word_1_117' title='bbox 780 1273 909 1336; x_wconf 91' lang='lat' dir='ltr'>tenebris</span> <span class='ocrx_word' id='word_1_118' title='bbox 929 1275 1053 1334; x_wconf 91' lang='lat' dir='ltr'>clariora</span> 
     </span>
    </p>

    <p class='ocr_par' dir='ltr' id='par_1_11' title="bbox 65 1355 1144 1440">
     <span class='ocr_line' id='line_1_14' title="bbox 65 1355 1144 1440; baseline 0 -24"><span class='ocrx_word' id='word_1_119' title='bbox 65 1369 125 1419; x_wconf 90' lang='lat' dir='ltr'>suut.</span> <span class='ocrx_word' id='word_1_120' title='bbox 166 1361 269 1440; x_wconf 85' lang='lat' dir='ltr'>ltaque</span> <span class='ocrx_word' id='word_1_121' title='bbox 291 1361 435 1438; x_wconf 84' lang='lat' dir='ltr'>ingeniosi</span> <span class='ocrx_word' id='word_1_122' title='bbox 454 1369 613 1436; x_wconf 86' lang='lat' dir='ltr'>vocentur,</span> <span class='ocrx_word' id='word_1_123' title='bbox 636 1370 667 1419; x_wconf 94' lang='lat' dir='ltr'>ut</span> <span class='ocrx_word' id='word_1_124' title='bbox 680 1359 770 1436; x_wconf 86' lang='lat' dir='ltr'>libet,</span> <span class='ocrx_word' id='word_1_125' title='bbox 794 1360 859 1419; x_wconf 90' lang='lat' dir='ltr'>dum</span> <span class='ocrx_word' id='word_1_126' title='bbox 874 1355 968 1419; x_wconf 89' lang='lat' dir='ltr'>tamen</span> <span class='ocrx_word' id='word_1_127' title='bbox 985 1375 1052 1418; x_wconf 91' lang='lat' dir='ltr'>con·</span> <span class='ocrx_word' id='word_1_128' title='bbox 1138 1395 1144 1404; x_wconf 89' lang='lat'><em>·</em></span> 
     </span>
    </p>

    <p class='ocr_par' dir='ltr' id='par_1_12' title="bbox 65 1442 1082 1519">
     <span class='ocr_line' id='line_1_15' title="bbox 65 1442 1082 1519; baseline 0.005 -19"><span class='ocrx_word' id='word_1_129' title='bbox 65 1451 125 1519; x_wconf 84' lang='lat' dir='ltr'>stet,</span> <span class='ocrx_word' id='word_1_130' title='bbox 145 1445 355 1506; x_wconf 78' lang='lat' dir='ltr'>contumeliose</span> <span class='ocrx_word' id='word_1_131' title='bbox 376 1445 420 1504; x_wconf 89' lang='lat' dir='ltr'>sic</span> <span class='ocrx_word' id='word_1_132' title='bbox 441 1444 550 1504; x_wconf 89' lang='lat' dir='ltr'>laudari</span> <span class='ocrx_word' id='word_1_133' title='bbox 566 1445 712 1504; x_wconf 89' lang='lat' dir='ltr'>disertum.</span> <span class='ocrx_word' id='word_1_134' title='bbox 757 1443 947 1504; x_wconf 87' lang='lat' dir='ltr'>Nihilominus</span> <span class='ocrx_word' id='word_1_135' title='bbox 964 1442 1082 1505; x_wconf 86' lang='lat' dir='ltr'>conii-8</span> 
     </span>
    </p>

    <p class='ocr_par' dir='ltr' id='par_1_13' title="bbox 67 1526 1051 1606">
     <span class='ocr_line' id='line_1_16' title="bbox 67 1526 1051 1606; baseline 0.001 -22"><span class='ocrx_word' id='word_1_136' title='bbox 67 1528 162 1588; x_wconf 86' lang='lat' dir='ltr'>tendum</span> <span class='ocrx_word' id='word_1_137' title='bbox 177 1539 221 1590; x_wconf 88' lang='lat' dir='ltr'>est</span> <span class='ocrx_word' id='word_1_138' title='bbox 238 1531 325 1589; x_wconf 89' lang='lat' dir='ltr'>etiam</span> <span class='ocrx_word' id='word_1_139' title='bbox 340 1526 494 1588; x_wconf 81' lang='lat' dir='ltr'>detrahere</span> <span class='ocrx_word' id='word_1_140' title='bbox 511 1530 669 1590; x_wconf 81' lang='lat' dir='ltr'>doctrinam</span> <span class='ocrx_word' id='word_1_141' title='bbox 684 1528 810 1606; x_wconf 89' lang='lat' dir='ltr'>aliquid,</span> <span class='ocrx_word' id='word_1_142' title='bbox 833 1537 864 1586; x_wconf 88' lang='lat' dir='ltr'>ut</span> <span class='ocrx_word' id='word_1_143' title='bbox 890 1528 984 1587; x_wconf 90' lang='lat' dir='ltr'>limam</span> <span class='ocrx_word' id='word_1_144' title='bbox 1005 1544 1051 1585; x_wconf 90' lang='lat' dir='ltr'>ru·</span> 
     </span>
    </p>

    <p class='ocr_par' dir='ltr' id='par_1_14' title="bbox 29 1609 1052 1681">
     <span class='ocr_line' id='line_1_17' title="bbox 29 1609 1052 1681; baseline 0.001 -13"><span class='ocrx_word' id='word_1_145' title='bbox 29 1667 30 1676; x_wconf 68' lang='grc'>,</span> <span class='ocrx_word' id='word_1_146' title='bbox 68 1609 88 1668; x_wconf 90' lang='lat' dir='ltr'>li</span> <span class='ocrx_word' id='word_1_147' title='bbox 105 1631 132 1670; x_wconf 92' lang='lat' dir='ltr'>us</span> <span class='ocrx_word' id='word_1_148' title='bbox 146 1622 173 1672; x_wconf 86' lang='lat' dir='ltr'>et</span> <span class='ocrx_word' id='word_1_149' title='bbox 188 1623 274 1673; x_wconf 89' lang='lat' dir='ltr'>cotes</span> <span class='ocrx_word' id='word_1_150' title='bbox 288 1612 442 1673; x_wconf 88' lang='lat' dir='ltr'>hebetibus</span> <span class='ocrx_word' id='word_1_151' title='bbox 458 1621 487 1671; x_wconf 89' lang='lat' dir='ltr'>et</span> <span class='ocrx_word' id='word_1_152' title='bbox 499 1615 566 1671; x_wconf 91' lang='lat' dir='ltr'>vino</span> <span class='ocrx_word' id='word_1_153' title='bbox 590 1621 777 1681; x_wconf 89' lang='lat' dir='ltr'>vetustatem;</span> <span class='ocrx_word' id='word_1_154' title='bbox 800 1611 853 1672; x_wconf 89' lang='lat' dir='ltr'>sed</span> <span class='ocrx_word' id='word_1_155' title='bbox 872 1612 941 1671; x_wconf 87' lang='lat' dir='ltr'>vitia</span> <span class='ocrx_word' id='word_1_156' title='bbox 957 1609 1052 1670; x_wconf 85' lang='lat' dir='ltr'>detra-</span> 
     </span>
    </p>

    <p class='ocr_par' dir='ltr' id='par_1_15' title="bbox 29 1691 1052 1776">
     <span class='ocr_line' id='line_1_18' title="bbox 29 1691 1052 1776; baseline -0.001 -23"><span class='ocrx_word' id='word_1_157' title='bbox 29 1729 31 1766; x_wconf 68' lang='lat'>3</span> <span class='ocrx_word' id='word_1_158' title='bbox 70 1691 113 1768; x_wconf 86' lang='lat' dir='ltr'>hit,</span> <span class='ocrx_word' id='word_1_159' title='bbox 126 1706 206 1776; x_wconf 84' lang='lat' dir='ltr'>atque</span> <span class='ocrx_word' id='word_1_160' title='bbox 222 1715 262 1758; x_wconf 95' lang='lat' dir='ltr'>eo</span> <span class='ocrx_word' id='word_1_161' title='bbox 278 1696 343 1757; x_wconf 91' lang='lat' dir='ltr'>solo</span> <span class='ocrx_word' id='word_1_162' title='bbox 359 1698 450 1756; x_wconf 89' lang='lat' dir='ltr'>minus</span> <span class='ocrx_word' id='word_1_163' title='bbox 467 1705 527 1772; x_wconf 89' lang='lat' dir='ltr'>est,</span> <span class='ocrx_word' id='word_1_164' title='bbox 545 1697 622 1773; x_wconf 91' lang='lat' dir='ltr'>quod</span> <span class='ocrx_word' id='word_1_165' title='bbox 637 1697 751 1756; x_wconf 87' lang='lat' dir='ltr'>litterae</span> <span class='ocrx_word' id='word_1_166' title='bbox 766 1695 978 1775; x_wconf 88' lang='lat' dir='ltr'>perpolierunt,</span> <span class='ocrx_word' id='word_1_167' title='bbox 995 1709 1052 1771; x_wconf 91' lang='lat' dir='ltr'>quo</span> 
     </span>
    </p>

    <p class='ocr_par' dir='ltr' id='par_1_16' title="bbox 29 1769 1081 1858">
     <span class='ocr_line' id='line_1_19' title="bbox 29 1769 1081 1858; baseline 0.006 -23"><span class='ocrx_word' id='word_1_168' title='bbox 29 1769 31 1858; x_wconf 67' lang='lat' dir='ltr'>l</span> <span class='ocrx_word' id='word_1_169' title='bbox 71 1778 159 1839; x_wconf 85' lang='lat' dir='ltr'>uellus.</span> <span class='ocrx_word' id='word_1_170' title='bbox 188 1781 301 1841; x_wconf 88' lang='lat' dir='ltr'>Verum</span> <span class='ocrx_word' id='word_1_171' title='bbox 314 1781 342 1841; x_wconf 93' lang='lat' dir='ltr'>hi</span> <span class='ocrx_word' id='word_1_172' title='bbox 360 1781 593 1858; x_wconf 89' lang='lat' dir='ltr'>pronuntiatione</span> <span class='ocrx_word' id='word_1_173' title='bbox 610 1796 727 1858; x_wconf 92' lang='lat' dir='ltr'>quoque</span> <span class='ocrx_word' id='word_1_174' title='bbox 742 1780 844 1840; x_wconf 89' lang='lat' dir='ltr'>lamam</span> <span class='ocrx_word' id='word_1_175' title='bbox 861 1778 976 1839; x_wconf 88' lang='lat' dir='ltr'>dicendi</span> <span class='ocrx_word' id='word_1_176' title='bbox 993 1777 1081 1841; x_wconf 87' lang='lat' dir='ltr'>lor-9</span> 
     </span>
    </p>

    <p class='ocr_par' dir='ltr' id='par_1_17' title="bbox 29 1861 1095 2530">
     <span class='ocr_line' id='line_1_20' title="bbox 29 1861 1054 1953; baseline -0.002 -33"><span class='ocrx_word' id='word_1_177' title='bbox 29 1861 33 1953; x_wconf 65' lang='lat' dir='ltr'>l</span> <span class='ocrx_word' id='word_1_178' title='bbox 70 1862 111 1920; x_wconf 89' lang='lat' dir='ltr'>tius</span> <span class='ocrx_word' id='word_1_179' title='bbox 130 1875 278 1942; x_wconf 85' lang='lat' dir='ltr'>quaerunt.</span> <span class='ocrx_word' id='word_1_180' title='bbox 322 1864 394 1924; x_wconf 89' lang='lat' dir='ltr'>Nam</span> <span class='ocrx_word' id='word_1_181' title='bbox 416 1872 445 1924; x_wconf 92' lang='lat' dir='ltr'>et</span> <span class='ocrx_word' id='word_1_182' title='bbox 460 1863 583 1923; x_wconf 87' lang='lat' dir='ltr'>clamant</span> <span class='ocrx_word' id='word_1_183' title='bbox 599 1863 706 1940; x_wconf 92' lang='lat' dir='ltr'>ubique</span> <span class='ocrx_word' id='word_1_184' title='bbox 721 1872 750 1922; x_wconf 89' lang='lat' dir='ltr'>et</span> <span class='ocrx_word' id='word_1_185' title='bbox 766 1863 859 1922; x_wconf 91' lang='lat' dir='ltr'>omnia</span> <span class='ocrx_word' id='word_1_186' title='bbox 879 1865 999 1937; x_wconf 82' lang='lat' dir='ltr'>locutu,</span> <span class='ocrx_word' id='word_1_187' title='bbox 1024 1869 1054 1919; x_wconf 93' lang='lat' dir='ltr'>ut</span> 
     </span>
     <span class='ocr_line' id='line_1_21' title="bbox 68 1945 1051 2027; baseline 0.001 -25"><span class='ocrx_word' id='word_1_188' title='bbox 68 1945 110 2021; x_wconf 85' lang='lat' dir='ltr'>ipsi</span> <span class='ocrx_word' id='word_1_189' title='bbox 122 1959 232 2027; x_wconf 84' lang='lat' dir='ltr'>vocant,</span> <span class='ocrx_word' id='word_1_190' title='bbox 248 1967 343 2010; x_wconf 80' lang='lat' dir='ltr'>manu</span> <span class='ocrx_word' id='word_1_191' title='bbox 359 1949 516 2026; x_wconf 81' lang='lat' dir='ltr'>emuginnt,</span> <span class='ocrx_word' id='word_1_192' title='bbox 531 1947 621 2007; x_wconf 91' lang='lat' dir='ltr'>multo</span> <span class='ocrx_word' id='word_1_193' title='bbox 636 1947 787 2022; x_wconf 83' lang='lat' dir='ltr'>discursu,</span> <span class='ocrx_word' id='word_1_194' title='bbox 803 1945 949 2021; x_wconf 86' lang='lat' dir='ltr'>anhelitu,</span> <span class='ocrx_word' id='word_1_195' title='bbox 963 1946 1051 2004; x_wconf 90' lang='lat' dir='ltr'>iacta·</span> 
     </span>
     <span class='ocr_line' id='line_1_22' title="bbox 67 2030 1095 2111; baseline 0.004 -25"><span class='ocrx_word' id='word_1_196' title='bbox 67 2030 130 2089; x_wconf 89' lang='lat' dir='ltr'>tione</span> <span class='ocrx_word' id='word_1_197' title='bbox 151 2043 271 2111; x_wconf 84' lang='lat' dir='ltr'>gestus,</span> <span class='ocrx_word' id='word_1_198' title='bbox 294 2042 372 2092; x_wconf 90' lang='lat' dir='ltr'>motu</span> <span class='ocrx_word' id='word_1_199' title='bbox 392 2033 493 2110; x_wconf 88' lang='lat' dir='ltr'>capitis</span> <span class='ocrx_word' id='word_1_200' title='bbox 512 2032 651 2092; x_wconf 80' lang='lat' dir='ltr'>furentes.</span> <span class='ocrx_word' id='word_1_201' title='bbox 696 2031 756 2092; x_wconf 92' lang='lat' dir='ltr'>Iam</span> <span class='ocrx_word' id='word_1_202' title='bbox 777 2030 921 2091; x_wconf 91' lang='lat' dir='ltr'>collidere</span> <span class='ocrx_word' id='word_1_203' title='bbox 943 2037 1095 2103; x_wconf 86' lang='lat' dir='ltr'>manus,10</span> 
     </span>
     <span class='ocr_line' id='line_1_23' title="bbox 66 2114 1052 2196; baseline -0.004 -22"><span class='ocrx_word' id='word_1_204' title='bbox 66 2119 146 2175; x_wconf 84' lang='lat' dir='ltr'>terrae</span> <span class='ocrx_word' id='word_1_205' title='bbox 159 2118 265 2196; x_wconf 88' lang='lat' dir='ltr'>pedem</span> <span class='ocrx_word' id='word_1_206' title='bbox 278 2119 420 2192; x_wconf 89' lang='lat' dir='ltr'>incutere,</span> <span class='ocrx_word' id='word_1_207' title='bbox 436 2115 539 2192; x_wconf 85' lang='lat' dir='ltr'>lemur,</span> <span class='ocrx_word' id='word_1_208' title='bbox 556 2125 669 2194; x_wconf 85' lang='lat' dir='ltr'>pectus,</span> <span class='ocrx_word' id='word_1_209' title='bbox 689 2116 813 2176; x_wconf 84' lang='lat' dir='ltr'>frontem</span> <span class='ocrx_word' id='word_1_210' title='bbox 829 2114 965 2189; x_wconf 90' lang='lat' dir='ltr'>caedere,</span> <span class='ocrx_word' id='word_1_211' title='bbox 981 2115 1052 2171; x_wconf 89' lang='lat' dir='ltr'>mire</span> 
     </span>
     <span class='ocr_line' id='line_1_24' title="bbox 67 2197 1052 2276; baseline -0.003 -20"><span class='ocrx_word' id='word_1_212' title='bbox 67 2197 94 2256; x_wconf 84' lang='lat' dir='ltr'>ad</span> <span class='ocrx_word' id='word_1_213' title='bbox 107 2200 236 2276; x_wconf 89' lang='lat' dir='ltr'>pullatum</span> <span class='ocrx_word' id='word_1_214' title='bbox 254 2201 393 2261; x_wconf 89' lang='lat' dir='ltr'>circulum</span> <span class='ocrx_word' id='word_1_215' title='bbox 408 2201 489 2269; x_wconf 87' lang='lat' dir='ltr'>iacit;</span> <span class='ocrx_word' id='word_1_216' title='bbox 515 2217 579 2259; x_wconf 86' lang='lat' dir='ltr'>cunr</span> <span class='ocrx_word' id='word_1_217' title='bbox 596 2200 647 2260; x_wconf 92' lang='lat' dir='ltr'>ille</span> <span class='ocrx_word' id='word_1_218' title='bbox 663 2199 810 2275; x_wconf 88' lang='lat' dir='ltr'>eruditus,</span> <span class='ocrx_word' id='word_1_219' title='bbox 832 2207 863 2257; x_wconf 92' lang='lat' dir='ltr'>ut</span> <span class='ocrx_word' id='word_1_220' title='bbox 877 2201 905 2257; x_wconf 96' lang='lat' dir='ltr'>iu</span> <span class='ocrx_word' id='word_1_221' title='bbox 921 2199 1052 2256; x_wconf 90' lang='lat' dir='ltr'>oratione</span> 
     </span>
     <span class='ocr_line' id='line_1_25' title="bbox 67 2282 1052 2362; baseline -0.002 -23"><span class='ocrx_word' id='word_1_222' title='bbox 67 2282 139 2342; x_wconf 82' lang='lat' dir='ltr'>uultu</span> <span class='ocrx_word' id='word_1_223' title='bbox 156 2288 350 2360; x_wconf 85' lang='lat' dir='ltr'>summittere,</span> <span class='ocrx_word' id='word_1_224' title='bbox 373 2285 502 2361; x_wconf 85' lang='lat' dir='ltr'>variare,</span> <span class='ocrx_word' id='word_1_225' title='bbox 526 2284 699 2362; x_wconf 89' lang='lat' dir='ltr'>disponere,</span> <span class='ocrx_word' id='word_1_226' title='bbox 721 2285 759 2342; x_wconf 84' lang='lat' dir='ltr'>ita</span> <span class='ocrx_word' id='word_1_227' title='bbox 782 2284 867 2341; x_wconf 89' lang='lat' dir='ltr'>etiam</span> <span class='ocrx_word' id='word_1_228' title='bbox 881 2283 911 2340; x_wconf 92' lang='lat' dir='ltr'>in</span> <span class='ocrx_word' id='word_1_229' title='bbox 927 2295 1052 2358; x_wconf 90' lang='lat' dir='ltr'>pronun-</span> 
     </span>
     <span class='ocr_line' id='line_1_26' title="bbox 68 2363 1052 2447; baseline -0.001 -25"><span class='ocrx_word' id='word_1_230' title='bbox 68 2366 147 2428; x_wconf 91' lang='lat' dir='ltr'>tiando</span> <span class='ocrx_word' id='word_1_231' title='bbox 161 2388 240 2429; x_wconf 90' lang='lat' dir='ltr'>suum</span> <span class='ocrx_word' id='word_1_232' title='bbox 257 2372 361 2447; x_wconf 92' lang='lat' dir='ltr'>cuique</span> <span class='ocrx_word' id='word_1_233' title='bbox 377 2384 492 2444; x_wconf 87' lang='lat' dir='ltr'>eorum,</span> <span class='ocrx_word' id='word_1_234' title='bbox 516 2385 591 2446; x_wconf 89' lang='lat' dir='ltr'>quae</span> <span class='ocrx_word' id='word_1_235' title='bbox 604 2367 697 2441; x_wconf 86' lang='lat' dir='ltr'>dicet,</span> <span class='ocrx_word' id='word_1_236' title='bbox 722 2366 817 2427; x_wconf 92' lang='lat' dir='ltr'>colori</span> <span class='ocrx_word' id='word_1_237' title='bbox 832 2363 1052 2425; x_wconf 86' lang='lat' dir='ltr'>accommodare</span> 
     </span>
     <span class='ocr_line' id='line_1_27' title="bbox 69 2450 1051 2530; baseline -0.002 -23"><span class='ocrx_word' id='word_1_238' title='bbox 69 2457 145 2510; x_wconf 81' lang='lat' dir='ltr'>netum</span> <span class='ocrx_word' id='word_1_239' title='bbox 158 2457 248 2530; x_wconf 93' lang='lat' dir='ltr'>sciat,</span> <span class='ocrx_word' id='word_1_240' title='bbox 276 2463 322 2529; x_wconf 86' lang='lat' dir='ltr'>et,</span> <span class='ocrx_word' id='word_1_241' title='bbox 345 2455 370 2513; x_wconf 86' lang='lat' dir='ltr'>si</span> <span class='ocrx_word' id='word_1_242' title='bbox 392 2452 460 2530; x_wconf 91' lang='lat' dir='ltr'>quid</span> <span class='ocrx_word' id='word_1_243' title='bbox 477 2455 514 2511; x_wconf 91' lang='lat' dir='ltr'>sit</span> <span class='ocrx_word' id='word_1_244' title='bbox 534 2459 676 2530; x_wconf 89' lang='lat' dir='ltr'>perpetua</span> <span class='ocrx_word' id='word_1_245' title='bbox 699 2450 904 2510; x_wconf 81' lang='lat' dir='ltr'>observatione</span> <span class='ocrx_word' id='word_1_246' title='bbox 925 2450 1051 2524; x_wconf 85' lang='lat' dir='ltr'>dignum,</span> 
     </span>
    </p>

    <p class='ocr_par' dir='ltr' id='par_1_18' title="bbox 30 2531 1091 2611">
     <span class='ocr_line' id='line_1_28' title="bbox 30 2531 1091 2611; baseline -0.003 -21"><span class='ocrx_word' id='word_1_247' title='bbox 30 2557 32 2586; x_wconf 67' lang='lat' dir='ltr'>r</span> <span class='ocrx_word' id='word_1_248' title='bbox 69 2533 196 2596; x_wconf 83' lang='lat' dir='ltr'>modestus</span> <span class='ocrx_word' id='word_1_249' title='bbox 211 2547 241 2597; x_wconf 88' lang='lat' dir='ltr'>et</span> <span class='ocrx_word' id='word_1_250' title='bbox 254 2555 323 2596; x_wconf 87' lang='lat' dir='ltr'>esse</span> <span class='ocrx_word' id='word_1_251' title='bbox 339 2545 368 2596; x_wconf 92' lang='lat' dir='ltr'>et</span> <span class='ocrx_word' id='word_1_252' title='bbox 384 2537 476 2597; x_wconf 86' lang='lat' dir='ltr'>videri</span> <span class='ocrx_word' id='word_1_253' title='bbox 490 2537 578 2594; x_wconf 88' lang='lat' dir='ltr'>malit.</span> <span class='ocrx_word' id='word_1_254' title='bbox 616 2535 656 2595; x_wconf 82' lang='lat' dir='ltr'>m</span> <span class='ocrx_word' id='word_1_255' title='bbox 671 2534 714 2595; x_wconf 92' lang='lat' dir='ltr'>illi</span> <span class='ocrx_word' id='word_1_256' title='bbox 727 2535 802 2594; x_wconf 90' lang='lat' dir='ltr'>hauc</span> <span class='ocrx_word' id='word_1_257' title='bbox 817 2535 878 2596; x_wconf 83' lang='lat' dir='ltr'>uim</span> <span class='ocrx_word' id='word_1_258' title='bbox 892 2531 1052 2611; x_wconf 86' lang='lat' dir='ltr'>appellant,</span> <span class='ocrx_word' id='word_1_259' title='bbox 1062 2536 1091 2587; x_wconf 86' lang='lat' dir='ltr'>li</span> 
     </span>
    </p>

    <p class='ocr_par' dir='ltr' id='par_1_19' title="bbox 30 2597 1052 2701">
     <span class='ocr_line' id='line_1_29' title="bbox 30 2597 1052 2701; baseline -0.003 -25"><span class='ocrx_word' id='word_1_260' title='bbox 30 2597 32 2698; x_wconf 69' lang='lat' dir='ltr'>l</span> <span class='ocrx_word' id='word_1_261' title='bbox 70 2631 129 2692; x_wconf 89' lang='lat' dir='ltr'>quae</span> <span class='ocrx_word' id='word_1_262' title='bbox 152 2631 196 2681; x_wconf 92' lang='lat' dir='ltr'>est</span> <span class='ocrx_word' id='word_1_263' title='bbox 220 2623 318 2701; x_wconf 90' lang='lat' dir='ltr'>potins</span> <span class='ocrx_word' id='word_1_264' title='bbox 343 2621 497 2688; x_wconf 84' lang='lat' dir='ltr'>violentia;</span> <span class='ocrx_word' id='word_1_265' title='bbox 528 2637 591 2679; x_wconf 91' lang='lat' dir='ltr'>cum</span> <span class='ocrx_word' id='word_1_266' title='bbox 613 2621 726 2679; x_wconf 92' lang='lat' dir='ltr'>interim</span> <span class='ocrx_word' id='word_1_267' title='bbox 749 2634 806 2678; x_wconf 93' lang='lat' dir='ltr'>uon</span> <span class='ocrx_word' id='word_1_268' title='bbox 828 2625 945 2678; x_wconf 88' lang='lat' dir='ltr'>actores</span> <span class='ocrx_word' id='word_1_269' title='bbox 965 2614 1052 2674; x_wconf 87' lang='lat' dir='ltr'>modo</span> 
     </span>
    </p>

    <p class='ocr_par' dir='ltr' id='par_1_20' title="bbox 30 2698 1052 2784">
     <span class='ocr_line' id='line_1_30' title="bbox 30 2698 1052 2784; baseline 0 -27"><span class='ocrx_word' id='word_1_270' title='bbox 30 2707 33 2784; x_wconf 58' lang='lat' dir='ltr'>q</span> <span class='ocrx_word' id='word_1_271' title='bbox 71 2698 163 2778; x_wconf 87' lang='lat' dir='ltr'>aliquos</span> <span class='ocrx_word' id='word_1_272' title='bbox 178 2707 307 2766; x_wconf 89' lang='lat' dir='ltr'>invenias</span> <span class='ocrx_word' id='word_1_273' title='bbox 322 2706 392 2780; x_wconf 86' lang='lat' dir='ltr'>sed,</span> <span class='ocrx_word' id='word_1_274' title='bbox 416 2702 493 2781; x_wconf 91' lang='lat' dir='ltr'>quod</span> <span class='ocrx_word' id='word_1_275' title='bbox 514 2711 559 2762; x_wconf 91' lang='lat' dir='ltr'>est</span> <span class='ocrx_word' id='word_1_276' title='bbox 578 2705 705 2782; x_wconf 83' lang='lat' dir='ltr'>turpius,</span> <span class='ocrx_word' id='word_1_277' title='bbox 728 2710 939 2782; x_wconf 90' lang='lat' dir='ltr'>praeceptores</span> <span class='ocrx_word' id='word_1_278' title='bbox 956 2701 1052 2774; x_wconf 87' lang='lat' dir='ltr'>etiam,</span> 
     </span>
    </p>

    <p class='ocr_par' dir='ltr' id='par_1_21' title="bbox 31 2783 1052 2862">
     <span class='ocr_line' id='line_1_31' title="bbox 31 2783 1052 2862; baseline 0 -21"><span class='ocrx_word' id='word_1_279' title='bbox 31 2803 33 2856; x_wconf 65' lang='lat' dir='ltr'>q</span> <span class='ocrx_word' id='word_1_280' title='bbox 71 2783 108 2858; x_wconf 89' lang='lat' dir='ltr'>qui</span> <span class='ocrx_word' id='word_1_281' title='bbox 120 2785 231 2849; x_wconf 88' lang='lat' dir='ltr'>brevem</span> <span class='ocrx_word' id='word_1_282' title='bbox 247 2789 361 2850; x_wconf 91' lang='lat' dir='ltr'>dicendi</span> <span class='ocrx_word' id='word_1_283' title='bbox 377 2789 616 2848; x_wconf 87' lang='lat' dir='ltr'>exercitationem</span> <span class='ocrx_word' id='word_1_284' title='bbox 629 2787 790 2862; x_wconf 90' lang='lat' dir='ltr'>consecuti,</span> <span class='ocrx_word' id='word_1_285' title='bbox 807 2787 913 2844; x_wconf 90' lang='lat' dir='ltr'>omissa</span> <span class='ocrx_word' id='word_1_286' title='bbox 929 2785 1052 2858; x_wconf 91' lang='lat' dir='ltr'>ratione,</span> 
     </span>
    </p>

    <p class='ocr_par' dir='ltr' id='par_1_22' title="bbox 31 2863 1052 2958">
     <span class='ocr_line' id='line_1_32' title="bbox 31 2863 1052 2958; baseline -0.002 -32"><span class='ocrx_word' id='word_1_287' title='bbox 31 2863 33 2958; x_wconf 45' lang='lat' dir='ltr'>q</span> <span class='ocrx_word' id='word_1_288' title='bbox 71 2873 95 2923; x_wconf 86' lang='lat' dir='ltr'>ut</span> <span class='ocrx_word' id='word_1_289' title='bbox 104 2870 160 2930; x_wconf 90' lang='lat' dir='ltr'>tulit</span> <span class='ocrx_word' id='word_1_290' title='bbox 172 2875 311 2953; x_wconf 87' lang='lat' dir='ltr'>impetus,</span> <span class='ocrx_word' id='word_1_291' title='bbox 331 2874 439 2951; x_wconf 89' lang='lat' dir='ltr'>passim</span> <span class='ocrx_word' id='word_1_292' title='bbox 453 2870 658 2931; x_wconf 86' lang='lat' dir='ltr'>tumultuentur</span> <span class='ocrx_word' id='word_1_293' title='bbox 674 2887 796 2950; x_wconf 88' lang='lat' dir='ltr'>eosque,</span> <span class='ocrx_word' id='word_1_294' title='bbox 814 2869 862 2947; x_wconf 93' lang='lat' dir='ltr'>qui</span> <span class='ocrx_word' id='word_1_295' title='bbox 878 2868 943 2946; x_wconf 93' lang='lat' dir='ltr'>plus</span> <span class='ocrx_word' id='word_1_296' title='bbox 961 2867 1052 2926; x_wconf 92' lang='lat' dir='ltr'>hono·</span> 
     </span>
    </p>

    <p class='ocr_par' dir='ltr' id='par_1_23' title="bbox 31 2949 1053 3033">
     <span class='ocr_line' id='line_1_33' title="bbox 31 2949 1053 3033; baseline 0.001 -25"><span class='ocrx_word' id='word_1_297' title='bbox 31 2959 34 3024; x_wconf 64' lang='lat'>¹,</span> <span class='ocrx_word' id='word_1_298' title='bbox 72 2949 102 3007; x_wconf 86' lang='lat' dir='ltr'>ris</span> <span class='ocrx_word' id='word_1_299' title='bbox 115 2952 210 3016; x_wconf 88' lang='lat' dir='ltr'>litteris</span> <span class='ocrx_word' id='word_1_300' title='bbox 224 2957 400 3033; x_wconf 90' lang='lat' dir='ltr'>tribuerunt,</span> <span class='ocrx_word' id='word_1_301' title='bbox 423 2957 540 3033; x_wconf 87' lang='lat' dir='ltr'>ineptos</span> <span class='ocrx_word' id='word_1_302' title='bbox 561 2963 591 3014; x_wconf 94' lang='lat' dir='ltr'>et</span> <span class='ocrx_word' id='word_1_303' title='bbox 612 2956 725 3015; x_wconf 89' lang='lat' dir='ltr'>ieiunos</span> <span class='ocrx_word' id='word_1_304' title='bbox 741 2961 770 3013; x_wconf 87' lang='lat' dir='ltr'>et</span> <span class='ocrx_word' id='word_1_305' title='bbox 785 2952 915 3030; x_wconf 85' lang='lat' dir='ltr'>trepidos</span> <span class='ocrx_word' id='word_1_306' title='bbox 932 2958 962 3010; x_wconf 86' lang='lat' dir='ltr'>et</span> <span class='ocrx_word' id='word_1_307' title='bbox 975 2950 1053 3010; x_wconf 89' lang='lat' dir='ltr'>iuiir·</span> 
     </span>
    </p>

    <p class='ocr_par' dir='ltr' id='par_1_24' title="bbox 31 3037 1052 3120">
     <span class='ocr_line' id='line_1_34' title="bbox 31 3037 1052 3120; baseline 0.003 -30"><span class='ocrx_word' id='word_1_308' title='bbox 31 3045 34 3106; x_wconf 69' lang='lat'>³,</span> <span class='ocrx_word' id='word_1_309' title='bbox 73 3047 136 3112; x_wconf 90' lang='lat' dir='ltr'>nos,</span> <span class='ocrx_word' id='word_1_310' title='bbox 156 3049 185 3099; x_wconf 92' lang='lat' dir='ltr'>ut</span> <span class='ocrx_word' id='word_1_311' title='bbox 207 3041 342 3120; x_wconf 91' lang='lat' dir='ltr'>quodque</span> <span class='ocrx_word' id='word_1_312' title='bbox 364 3040 485 3100; x_wconf 87' lang='lat' dir='ltr'>verbum</span> <span class='ocrx_word' id='word_1_313' title='bbox 501 3039 820 3099; x_wconf 87' lang='lat' dir='ltr'>contumeliosissimum</span> <span class='ocrx_word' id='word_1_314' title='bbox 834 3037 977 3111; x_wconf 90' lang='lat' dir='ltr'>occurrit,</span> <span class='ocrx_word' id='word_1_315' title='bbox 1001 3051 1052 3111; x_wconf 88' lang='lat' dir='ltr'>ap-</span> 
     </span>
    </p>

    <p class='ocr_par' dir='ltr' id='par_1_25' title="bbox 31 3111 1097 3204">
     <span class='ocr_line' id='line_1_35' title="bbox 31 3111 1097 3204; baseline -0.012 -16"><span class='ocrx_word' id='word_1_316' title='bbox 31 3111 35 3188; x_wconf 82' lang='lat' dir='ltr'>l</span> <span class='ocrx_word' id='word_1_317' title='bbox 73 3117 120 3191; x_wconf 63' lang='lat'>1¹³¹</span> <span class='ocrx_word' id='word_1_318' title='bbox 131 3131 174 3180; x_wconf 74' lang='lat' dir='ltr'>tot.</span> <span class='ocrx_word' id='word_1_319' title='bbox 217 3125 326 3185; x_wconf 87' lang='lat' dir='ltr'>Verum</span> <span class='ocrx_word' id='word_1_320' title='bbox 346 3125 404 3185; x_wconf 89' lang='lat' dir='ltr'>illis</span> <span class='ocrx_word' id='word_1_321' title='bbox 425 3123 540 3203; x_wconf 89' lang='lat' dir='ltr'>quidem</span> <span class='ocrx_word' id='word_1_322' title='bbox 568 3122 747 3200; x_wconf 80' lang='lat' dir='ltr'>gratulemur</span> <span class='ocrx_word' id='word_1_323' title='bbox 767 3123 829 3180; x_wconf 88' lang='lat' dir='ltr'>sine</span> <span class='ocrx_word' id='word_1_324' title='bbox 850 3119 970 3204; x_wconf 83' lang='lat' dir='ltr'>labore,</span> <span class='ocrx_word' id='word_1_325' title='bbox 990 3118 1097 3176; x_wconf 72' lang='lat' dir='ltr'>siuelt</span> 
     </span>
    </p>

    <p class='ocr_par' dir='ltr' id='par_1_26' title="bbox 31 3189 1053 3300">
     <span class='ocr_line' id='line_1_36' title="bbox 31 3189 1053 3300; baseline -0.004 -37"><span class='ocrx_word' id='word_1_326' title='bbox 31 3189 34 3300; x_wconf 63' lang='lat' dir='ltr'>l</span> <span class='ocrx_word' id='word_1_327' title='bbox 74 3215 87 3254; x_wconf 77' lang='lat' dir='ltr'>t</span> <span class='ocrx_word' id='word_1_328' title='bbox 131 3223 177 3282; x_wconf 48' lang='lat' dir='ltr'>une,</span> <span class='ocrx_word' id='word_1_329' title='bbox 192 3210 253 3268; x_wconf 87' lang='lat' dir='ltr'>siue</span> <span class='ocrx_word' id='word_1_330' title='bbox 269 3207 420 3288; x_wconf 87' lang='lat' dir='ltr'>disciplina</span> <span class='ocrx_word' id='word_1_331' title='bbox 436 3207 570 3276; x_wconf 89' lang='lat' dir='ltr'>disertis;</span> <span class='ocrx_word' id='word_1_332' title='bbox 589 3224 659 3282; x_wconf 90' lang='lat' dir='ltr'>nos,</span> <span class='ocrx_word' id='word_1_333' title='bbox 680 3204 793 3284; x_wconf 89' lang='lat' dir='ltr'>quaudo</span> <span class='ocrx_word' id='word_1_334' title='bbox 811 3212 840 3263; x_wconf 87' lang='lat' dir='ltr'>et</span> <span class='ocrx_word' id='word_1_335' title='bbox 855 3199 1053 3282; x_wconf 84' lang='lat' dir='ltr'>praecipiendi</span> 
     </span>
    </p>

    <p class='ocr_par' dir='ltr' id='par_1_27' title="bbox 31 3283 1057 3600">
     <span class='ocr_line' id='line_1_37' title="bbox 31 3283 1052 3400; baseline -0.003 -54"><span class='ocrx_word' id='word_1_336' title='bbox 31 3307 36 3400; x_wconf 73' lang='lat' dir='ltr'>q</span> <span class='ocrx_word' id='word_1_337' title='bbox 74 3296 87 3337; x_wconf 82' lang='lat'>¹¹</span> <span class='ocrx_word' id='word_1_338' title='bbox 131 3293 230 3352; x_wconf 83' lang='lat' dir='ltr'>usiam</span> <span class='ocrx_word' id='word_1_339' title='bbox 254 3292 366 3372; x_wconf 87' lang='lat' dir='ltr'>pridem</span> <span class='ocrx_word' id='word_1_340' title='bbox 392 3292 541 3370; x_wconf 84' lang='lat' dir='ltr'>deprecati</span> <span class='ocrx_word' id='word_1_341' title='bbox 570 3308 666 3350; x_wconf 90' lang='lat' dir='ltr'>sumus</span> <span class='ocrx_word' id='word_1_342' title='bbox 694 3290 772 3350; x_wconf 91' lang='lat' dir='ltr'>etin</span> <span class='ocrx_word' id='word_1_343' title='bbox 795 3283 1052 3365; x_wconf 84' lang='lat' dir='ltr'>loroqnoquedi·</span> 
     </span>
     <span class='ocr_line' id='line_1_38' title="bbox 76 3367 1053 3455; baseline -0.012 -17"><span class='ocrx_word' id='word_1_344' title='bbox 76 3379 87 3422; x_wconf 71' lang='lat' dir='ltr'>l</span> <span class='ocrx_word' id='word_1_345' title='bbox 137 3372 157 3447; x_wconf 79' lang='grc' dir='ltr'>ῑ,</span> <span class='ocrx_word' id='word_1_346' title='bbox 179 3379 241 3453; x_wconf 88' lang='lat' dir='ltr'>quia</span> <span class='ocrx_word' id='word_1_347' title='bbox 256 3377 488 3438; x_wconf 84' lang='lat' dir='ltr'>honestissimum</span> <span class='ocrx_word' id='word_1_348' title='bbox 503 3375 587 3435; x_wconf 91' lang='lat' dir='ltr'>linem</span> <span class='ocrx_word' id='word_1_349' title='bbox 602 3384 733 3455; x_wconf 88' lang='lat' dir='ltr'>putamus</span> <span class='ocrx_word' id='word_1_350' title='bbox 747 3373 897 3445; x_wconf 87' lang='lat' dir='ltr'>desinere,</span> <span class='ocrx_word' id='word_1_351' title='bbox 924 3369 989 3429; x_wconf 95' lang='lat' dir='ltr'>dum</span> <span class='ocrx_word' id='word_1_352' title='bbox 1003 3367 1053 3428; x_wconf 89' lang='lat' dir='ltr'>de·</span> 
     </span>
     <span class='ocr_line' id='line_1_39' title="bbox 76 3453 1057 3600; baseline -0.005 -85"><span class='ocrx_word' id='word_1_353' title='bbox 76 3463 86 3504; x_wconf 77' lang='lat'>⁵</span> <span class='ocrx_word' id='word_1_354' title='bbox 140 3471 259 3522; x_wconf 80' lang='lat' dir='ltr'>uremur:</span> <span class='ocrx_word' id='word_1_355' title='bbox 271 3462 441 3541; x_wconf 88' lang='lat' dir='ltr'>inquirendo</span> <span class='ocrx_word' id='word_1_356' title='bbox 449 3458 670 3538; x_wconf 78' lang='lat' dir='ltr'>scribendoque</span> <span class='ocrx_word' id='word_1_357' title='bbox 685 3459 754 3520; x_wconf 89' lang='lat' dir='ltr'>talia</span> <span class='ocrx_word' id='word_1_358' title='bbox 766 3454 951 3600; x_wconf 67' lang='lat' dir='ltr'>consoleprnr</span> <span class='ocrx_word' id='word_1_359' title='bbox 965 3453 1057 3512; x_wconf 82' lang='lat' dir='ltr'>otium.</span> 
     </span>
    </p>

    <p class='ocr_par' dir='ltr' id='par_1_28' title="bbox 148 3560 292 3611">
     <span class='ocr_line' id='line_1_40' title="bbox 148 3560 292 3611; baseline 0.021 -8"><span class='ocrx_word' id='word_1_360' title='bbox 148 3560 168 3599; x_wconf 58' lang='lat'>⁸.</span> <span class='ocrx_word' id='word_1_361' title='bbox 184 3563 292 3611; x_wconf 72' lang='lat' dir='ltr'>cuturn.</span> 
     </span>
    </p>
   </div>
   <div class='ocr_carea' id='block_1_2' title="bbox 29 1507 31 1526">
    <p class='ocr_par' dir='ltr' id='par_1_29' title="bbox 29 1507 31 1526">
     <span class='ocr_line' id='line_1_41' title="bbox 29 1507 31 1526; baseline 0 0"><span class='ocrx_word' id='word_1_362' title='bbox 29 1507 31 1526; x_wconf 88' lang='lat' dir='ltr'>l</span> 
     </span>
    </p>
   </div>
   <div class='ocr_carea' id='block_1_3' title="bbox 0 0 1232 3972">
    <p class='ocr_par' dir='ltr' id='par_1_30' title="bbox 0 0 1232 3972">
     <span class='ocr_line' id='line_1_42' title="bbox 0 0 1232 3972; baseline 0 0"><span class='ocrx_word' id='word_1_363' title='bbox 0 0 1232 3972; x_wconf 95' lang='lat' dir='ltr'> </span> 
     </span>
    </p>
   </div>
   <div class='ocr_carea' id='block_1_4' title="bbox 32 3789 78 3926">
    <p class='ocr_par' dir='ltr' id='par_1_31' title="bbox 32 3723 78 3926">
     <span class='ocr_line' id='line_1_43' title="bbox 32 3789 78 3926; baseline 0.022 -1"><span class='ocrx_word' id='word_1_364' title='bbox 32 3789 78 3926; x_wconf 72' lang='lat' dir='ltr'>u·</span> 
     </span>
    </p>
   </div>
  </div>
 </body>
</html>
