2436 3956
158 192 199 256 68
465 205 501 250 n.
515 201 827 264 nan.qu1uu1u1nrr1

156 369 201 420 ost
216 356 453 429 ratiocinationis,
470 363 500 415 ut
517 354 593 433 quod
610 373 647 416 ex
663 353 765 416 eadem
781 372 867 415 causa
883 355 956 415 inter
972 365 1065 417 statns
1082 375 1150 437 quo·

114 453 147 508 17
156 461 212 521 que
230 441 395 500 habeamus.
424 440 474 498 Sic
491 447 518 498 et
535 456 572 498 cx
589 437 806 517 insequentibus
822 438 1005 516 amplificatio
1025 439 1151 514 ducitur;

156 525 297 605 siquidem
312 533 389 585 tanta
402 524 448 583 vis
464 521 516 582 iuit
530 522 589 581 vini
605 523 795 599 erumpentis,
817 531 848 580 ut
869 539 926 581 non
949 540 1049 582 casnm
1065 525 1152 585 alier-

155 618 200 668 ret
215 607 455 668 autvoluntatem
481 605 533 666 sed
558 608 781 680 necessitatem,
810 605 858 664 ubi
884 607 996 666 minime
1019 607 1152 684 deceret,

154 691 304 760 vomendi;
324 701 353 751 et
369 691 449 751 cibus
464 706 523 748 non
537 706 653 765 recens,
667 697 698 748 ut
709 688 845 749 accidere
855 690 968 748 interim
980 690 1070 766 solet,
1088 693 1153 752 red·

42 771 46 782 “
154 775 286 851 deretur,
308 775 361 836 sed
377 791 470 854 usqne
487 772 515 830 in
530 781 679 851 posterum
693 773 768 833 diem
783 771 966 834 redundaret.
1001 773 1083 834 idern
1098 774 1155 836 hcc

112 867 312 938 lbpraestant,
330 875 404 937 quae
420 863 648 917 antecesserunt.
693 854 767 915 Nam
787 873 850 915 cum
872 855 985 916 Aeolus
1006 874 1023 917 a
1044 856 1156 920 lunone

153 951 271 1019 rogatus

319 1054 363 1066 -
377 1041 485 1086 cavum
501 1041 649 1090 correctae
666 1021 794 1102 cuspide
808 1030 936 1084 montem

247 1106 371 1186 Impulit
384 1108 416 1168 im
431 1108 524 1183 tatus,
545 1126 585 1170 ac
600 1106 682 1168 venii
694 1106 776 1167 velut
795 1107 915 1184 aquiiae
928 1106 1012 1184 facio

256 1189 325 1266 Oria
343 1193 418 1251 data
432 1199 542 1268 porta,
561 1198 671 1250 ruunt:
694 1224 730 1234 -

113 1285 145 1339 19
155 1284 286 1354 apparet,
306 1282 409 1352 quanta
426 1276 462 1333 sit
482 1274 577 1334 lutura
593 1269 761 1350 te'mpestas.
800 1268 895 1343 Quint
918 1289 981 1331 eum
1002 1290 1052 1332 res
1077 1283 1155 1334 atro-

155 1357 301 1433 cissimas,
326 1375 455 1435 quasque
470 1358 499 1415 in
514 1375 651 1418 summam
665 1357 721 1433 ipsi
738 1353 890 1414 extulimus
904 1355 1039 1415 inuidiam
1054 1356 1155 1418 eleva·

154 1460 215 1500 mus
233 1439 382 1516 consulto,
404 1456 461 1517 quo
476 1441 612 1517 graviora
632 1439 798 1514 videantur,
820 1455 894 1517 qnae
917 1447 1053 1499 secutura
1071 1449 1155 1502 suni:

154 1533 184 1583 ut
199 1542 215 1583 a
232 1521 375 1583 Cicerone
392 1522 498 1582 iactum
516 1531 571 1598 est,
589 1541 652 1581 cum
667 1523 717 1582 illa
733 1522 859 1597 diceret,
883 1519 977 1582 Levia
991 1531 1062 1584 suut
1075 1523 1156 1586 baec

153 1609 185 1666 ia
201 1608 256 1668 boc
270 1625 333 1666 rec.
359 1603 470 1666 Maium
490 1607 649 1684 oirpurum
663 1606 842 1667 nauarchus
856 1606 1061 1668 nobilissimae
1077 1610 1155 1668 cini-

154 1693 225 1751 tatio
241 1692 339 1769 pretio
356 1690 502 1751 redemit:
517 1690 680 1750 ltumaamm
692 1698 745 1750 est.
780 1685 885 1761 Alius,
905 1709 944 1750 oe
958 1691 1064 1750 securi
1076 1692 1155 1768 seri-

38 1805 41 1812 *
113 1783 251 1849 moretur,
264 1776 427 1852 pecuniam
442 1775 544 1834 dedit:
559 1775 702 1836 usitatum
724 1780 778 1833 eat.
806 1770 908 1833 Nonne
920 1790 988 1831 usus
1004 1782 1050 1832 est
1064 1777 1154 1834 ratio·

155 1858 314 1933 cinatione,
339 1875 395 1935 qua
420 1856 594 1934 colligerent
616 1856 783 1930 audientes,
812 1865 947 1932 quantum
969 1855 1040 1916 illud
1061 1868 1154 1934 esset,

155 1940 231 2019 quod
248 1941 440 2015 inserebatur,
463 1940 509 1999 cui
526 1949 689 2016 comparata
704 1938 777 1998 haec
792 1939 958 1999 viderentur
972 1938 1096 2000 humana
1114 1951 1154 2000 at·

158 2043 214 2101 qne
231 2022 357 2083 usitata?
392 2025 441 2083 Sic
457 2039 573 2100 qnoque
589 2021 666 2081 solet
682 2040 719 2080 ex
735 2021 792 2082 alio
808 2021 884 2082 aliud
900 2024 1015 2100 augeri:
1039 2032 1071 2082 ut
1087 2043 1153 2084 cum

154 2106 320 2167 Hannibalis
344 2106 459 2167 bellicis
482 2105 613 2167 laudibus
640 2104 791 2182 ampliatur
820 2108 910 2166 uirtus
933 2107 1099 2184 Scipionis,
1127 2117 1155 2168 ct

154 2190 351 2252 fortitudinem
368 2189 515 2251 Gallorum
531 2188 794 2267 Germanorumque
806 2189 949 2266 miramur,
968 2207 1025 2269 quo
1042 2192 1078 2249 sit
1096 2209 1154 2252 ma·

115 2275 199 2334 iiior
220 2272 252 2333 G.
276 2271 534 2350 Caesarisgloria.
577 2271 651 2332 lllnd
679 2289 795 2351 quoque
820 2282 865 2332 est
893 2291 931 2332 ex
951 2274 1095 2334 relatione
1120 2273 1155 2334 ad

155 2357 272 2434 aliquid,
290 2356 367 2433 quod
383 2374 439 2414 uon
455 2357 517 2414 eius
533 2357 576 2415 rei
586 2357 678 2433 gratia
690 2356 795 2416 dictum
809 2355 933 2431 videtur,
954 2357 1154 2435 amplificatio·

154 2441 198 2498 nis
213 2456 315 2515 genus.
360 2437 425 2498 Nou
445 2446 546 2516 putant
568 2438 713 2516 indignum
734 2439 849 2500 Troiani
862 2441 1027 2519 principes,
1051 2441 1155 2502 Graios

155 2521 355 2599 Troianosque
370 2529 493 2600 propter
507 2519 637 2582 Helenae
653 2524 840 2600 speciemtot
857 2523 932 2584 mala
947 2533 1025 2584 tanto
1041 2535 1155 2604 tempo·

154 2599 194 2664 ris
211 2607 305 2683 spatio
322 2606 481 2665 sustinere:
501 2622 641 2684 quaenam
656 2607 743 2683 igitur
756 2606 807 2668 illa
822 2607 913 2668 lorma
926 2608 1071 2669 credenda
1087 2605 1155 2668 est?

154 2687 220 2748 Non
236 2690 311 2748 enim
324 2688 382 2748 hoc
400 2689 468 2748 dicit
482 2688 577 2764 Paris,
595 2691 642 2768 qui
658 2691 766 2767 rapuit,
783 2706 841 2751 non
859 2690 963 2768 aliquis
977 2693 1090 2752 invenis
1108 2700 1156 2751 aut

155 2791 226 2830 uuus
250 2790 266 2830 e
288 2773 379 2850 vulgo
406 2771 458 2832 sed
474 2789 560 2831 senes
577 2782 606 2832 et
620 2772 832 2850 prudentissimi
851 2783 880 2832 et
896 2773 1007 2834 Priamo
1024 2775 1154 2836 assiden-

24 2871 33 2884 ,.
113 2862 209 2914 autes.
240 2854 348 2915 Verum
364 2864 393 2914 ct
407 2857 471 2932 ipse
487 2873 540 2916 rex
553 2856 674 2916 decenni
695 2855 774 2916 bello
796 2856 952 2918 exhaustus
977 2860 1089 2918 amissis
1113 2867 1155 2918 tot

155 2937 272 3014 liberis,
296 2939 459 2998 imminente
480 2957 589 3000 summo
610 2939 790 3016 discrimine,
817 2942 862 3000 cni
877 2941 982 3003 laniem
997 2942 1093 3018 illam,
1119 2959 1156 3002 ex

155 3039 211 3099 qua
226 3029 269 3080 tot
286 3021 467 3085 lacrimarum
482 3023 566 3101 origo
583 3023 731 3100 fluxisset,
755 3025 874 3084 invisam
886 3034 972 3104 atque
988 3025 1154 3088 abominan-

155 3105 219 3164 dam
241 3122 307 3164 esse
324 3105 495 3184 oportebat,
518 3115 546 3165 et
561 3107 639 3167 audit
658 3107 733 3169 haec
759 3118 788 3168 et
810 3127 872 3169 earn
893 3109 979 3169 liliam
1000 3109 1154 3188 appellans

156 3189 234 3248 inxta
250 3207 283 3248 se
299 3187 377 3250 locat
393 3199 422 3249 et
438 3199 559 3249 excusat
574 3192 660 3251 etiam
675 3201 761 3270 atque
778 3192 832 3251 sibi
848 3211 914 3252 esse
929 3192 1069 3253 malorum
1086 3209 1154 3251 can·

113 3276 217 3330 lissam
235 3281 333 3350 negat.
366 3272 429 3332 Nec
443 3273 510 3333 milri
525 3272 638 3334 videtur
660 3277 689 3334 in
704 3276 859 3353 Symposio
876 3274 975 3350 Plato,
993 3294 1057 3350 cnm
1072 3275 1153 3334 Alci·

154 3354 267 3416 biadem
284 3356 468 3416 confitentem
483 3355 519 3417 de
535 3375 578 3433 se,
596 3359 663 3436 quid
678 3377 695 3418 a
712 3360 834 3420 Socrate
850 3361 909 3437 pati
922 3358 1064 3438 voluerit,
1087 3375 1152 3417 aar·

155 3445 209 3513 rat,
226 3447 257 3496 nt
274 3437 353 3498 illum
367 3439 514 3518 culparet,
537 3441 611 3502 haec
626 3443 793 3512 tradidisse;
818 3443 887 3520 sed,
911 3453 940 3502 ut
960 3442 1090 3502 Socratis
1108 3441 1151 3500 in·
