2494 3952
181 181 239 244 194
502 193 536 240 u·
552 188 863 250 nun.on1un1n1su1

180 348 271 423 Quam
288 346 392 424 dignae
408 345 556 407 Milonis
547 364 575 404 ιιι
591 345 777 443 peroratione
794 341 856 423 ipse
872 360 963 404 voces
980 361 1016 404 eo
1034 346 1114 421 viro,
1137 347 1189 425 qui

178 449 232 512 pro
254 449 288 491 re
310 431 426 510 publica
448 431 616 491 seditiosum
640 429 733 489 civem
750 429 857 487 totiens
875 430 1108 506 compescuisset
1125 431 1188 508 qni·

83 575 87 578 .
136 525 169 581 41
179 533 235 595 que
253 515 371 575 insidias
386 515 492 574 virtute
515 508 705 592 superasset?
734 510 868 589 Denique
890 523 947 571 non
969 511 1056 571 modo
1073 515 1168 590 quot
1160 532 1186 572 ιιι

179 617 266 660 causa
283 599 426 659 totidem'
417 616 444 657 m
461 596 679 676 prosopopoeia
696 603 761 654 sunt
775 596 944 672 varietates,
961 595 1012 654 sed
1029 595 1087 655 hoc
1101 598 1187 655 etiam

179 685 295 762 plures,
313 683 414 761 quod*
406 700 434 742 ιιι
447 681 491 740 his
508 697 678 759 puerorum,
697 679 874 754 ieminnrum,
892 678 1079 758 populorum,
1098 689 1184 739 muta·

179 786 240 827 rum
257 769 341 826 etiam
362 783 458 825 rernm
479 764 677 824 assimulamus
699 762 838 838 adiectus,
865 763 969 841 quihus
987 763 1121 822 omnibns
1139 763 1185 823 de·

137 863 172 916 42
180 852 264 910 betur
279 854 347 908 suus
363 850 464 910 decor.
495 847 602 908 Eadem
619 847 711 920 iniis,
734 862 788 924 pro
805 845 909 924 quihus
925 863 1062 924 agemus,
1087 847 1187 907 obser·

181 934 272 994 vauda
288 943 363 992 sunt.
389 932 484 992 Aliter
496 933 570 991 enim
586 948 639 1009 pro
655 929 713 989 alio
725 947 816 1009 saepe
829 929 980 990 dicendum
992 939 1049 1006 est,
1066 940 1098 990 nt
1111 933 1186 1010 quis·

182 1036 238 1096 que
261 1016 418 1092 honestus,
443 1016 572 1090 humilis,
595 1015 772 1090 invidiosus,
794 1012 963 1074 favorabilis
985 1014 1056 1090 erit,
1074 1016 1186 1076 adiecta

181 1101 409 1197 propositorum·
424 1116 540 1178 quoque
561 1107 591 1158 et
613 1105 763 1158 anteactae
784 1093 862 1157 vitae
869 1093 1055 1157 differentia
1086 1097 1185 1158 lucun-

181 1184 296 1243 dissima
314 1200 385 1244 vero
401 1185 428 1242 iu
445 1192 562 1242 oratore
577 1182 746 1257 humanitas,
765 1177 901 1280 facilitas,
918 1176 1092 1258 moderatio,
1110 1182 1185 1243 beni

180 1268 317 1328 uolentia.
346 1267 404 1327 Sed
417 1267 464 1327 ulia
482 1283 597 1345 quoque
610 1266 724 1325 diversa
735 1264 840 1325 bonum
855 1282 946 1324 mrum
958 1265 1081 1325 decent
1098 1267 1185 1327 malos

182 1351 291 1426 odisse,
310 1351 426 1430 publica
442 1351 507 1410 vice
525 1349 740 1444 commoveri,
730 1349 839 1408 ιιιιιιιιι
831 1366 873 1409 tre
886 1347 1002 1408 sceiere
1016 1359 1046 1408 et
1059 1351 1183 1426 iniurias,

183 1445 212 1495 et
229 1437 333 1509 omnia,
351 1442 382 1494 ut
397 1435 477 1494 initio
493 1435 562 1516 dixi,
581 1423 740 1493 honesta.

137 1531 173 1586 43
266 1517 329 1577 Neo
354 1526 476 1592 tantum,
501 1519 564 1594 quis
589 1527 617 1576 et
640 1516 845 1596 proquosed
869 1517 1186 1596 etiamapudquem
1230 1573 1231 1596 3

183 1603 277 1676 dicas,
296 1603 426 1660 interest.
459 1599 540 1660 Facit
556 1602 630 1660 enim
647 1611 677 1660 et
694 1601 808 1661 fortuna
825 1600 978 1660 discrimen
995 1610 1024 1660 et
1042 1611 1184 1679 potestas,

182 1702 236 1744 nec
252 1685 352 1745 eadem
372 1685 447 1762 apud
466 1686 641 1762 principem,
664 1686 875 1761 magistratum,
891 1693 1074 1760 senatorem,
1097 1687 1186 1764 priva·
1230 1723 1231 1728 κ

181 1777 248 1844 tum,
267 1776 373 1828 tantum
386 1768 510 1838 liberum
523 1770 596 1828 ratio
611 1777 666 1844 est,
685 1786 740 1828 nec
754 1768 857 1828 eodem
870 1785 943 1827 sono
955 1767 1073 1847 publica
1086 1770 1184 1829 iudicia
1230 1765 1231 1810 ἶ

139 1861 220 1920 utet·
233 1851 404 1912 arbitrorum
428 1852 655 1931 disceptationes
677 1861 808 1929 aguntur.
844 1850 919 1911 Nam
931 1861 961 1910 nt
983 1860 1119 1912 orantem
1137 1869 1184 1930 pro

183 1937 278 2013 capite
300 1937 466 1996 sollicitudo
488 1937 592 1997 deceet
608 1944 637 1996 et
654 1954 722 1996 cura
741 1945 770 1995 et
785 1953 886 1995 omnes
902 1936 937 1995 nd
959 1935 1184 2013 amplificandam

183 2021 342 2079 orationem
365 2021 446 2098 quasi
467 2021 634 2080 machinae:
660 2021 698 2079 ita
717 2021 747 2078 in
768 2021 865 2098 parvis
883 2019 971 2078 rebus
987 2019 1187 2100 iudicibusque

182 2119 254 2160 vana
271 2104 326 2162 sint
342 2104 454 2179 eadem,
474 2103 659 2182 rideaturque
675 2105 789 2178 merito,
805 2105 854 2181 qui
870 2103 943 2182 apud
961 2103 1186 2181 disceptatorem

182 2185 219 2244 de
234 2203 267 2244 re
282 2186 427 2246 levissima
453 2187 559 2247 sedens
576 2187 702 2247 dicturus
719 2197 813 2247 utatur
836 2187 885 2247 ilia
902 2185 1054 2246 Ciceronis
1073 2188 1187 2248 confes·

182 2270 281 2346 sione,
301 2289 361 2331 nou
386 2273 474 2332 modo
496 2290 530 2333 se
550 2273 650 2333 ocimo
673 2273 853 2332 commoneri
873 2271 1035 2333 sedetiam
1058 2290 1190 2350 corporo

138 2354 246 2431 45e‘pso
258 2356 506 2432 perhorrescere.
537 2354 607 2428 Quis
622 2371 693 2416 vero
709 2354 837 2430 nesciat,
860 2362 965 2433 quanto
981 2353 1060 2414 aliud
1075 2355 1190 2416 dicendi

181 2454 274 2512 genus
298 2447 402 2515 poscat
422 2439 550 2514 gravitas
572 2439 717 2498 senatoria
742 2437 817 2497 aliud
840 2455 908 2498 aura
924 2437 1097 2516 popularis?
1126 2457 1190 2498 cnm

182 2521 267 2578 etiarn
283 2521 405 2598 singuiis
421 2520 611 2580 iudicantibus
633 2538 690 2580 non
711 2521 786 2581 idem
800 2517 874 2599 apud
890 2539 996 2598 graves
1011 2522 1093 2581 viros
1111 2523 1192 2601 quod

181 2602 326 2679 leviores,
348 2622 405 2664 non
425 2606 500 2665 idem
522 2605 597 2683 apud
619 2605 757 2665 eruditum
774 2606 851 2682 quod
874 2605 1024 2664 militarem
1047 2623 1082 2665 ac
1104 2608 1192 2666 rusti·

182 2705 245 2746 cum
263 2688 366 2749 deceat
375 2690 494 2767 ,sitque
511 2706 710 2767 nonnunquam
727 2689 926 2748 summittenda
943 2698 973 2749 et
989 2689 1192 2750 contrahenda

182 2771 285 2844 oratio,
304 2791 340 2832 ne
356 2773 443 2832 iudex
460 2791 523 2833 eam
539 2772 586 2832 vei
605 2773 770 2850 intelligere
785 2773 833 2832 vel
846 2790 957 2852 ,capere
975 2789 1032 2831 non
1048 2775 1155 2850 possit.

138 2858 174 2912 46
267 2853 392 2934 Tempus
416 2874 534 2936 quoque
555 2875 590 2915 ac
612 2856 694 2916 locus
719 2866 807 2934 egent
834 2852 1040 2916 observatione
1055 2858 1192 2934 propria.

182 2934 252 2994 Nam
270 2947 299 2996 et
314 2947 427 3016 tempus
444 2948 502 2998 tum
518 2943 610 3014 triste,
627 2949 684 2999 tum
703 2941 818 3016 laetum,
835 2949 892 2999 tum
907 2939 1044 3015 liberum,
1063 2949 1124 3000 tum
1141 2958 1193 3000 an·

134 3023 293 3095 digestum
315 3031 375 3097 est,
400 3031 485 3101 atque
511 3024 546 3084 ed
568 3023 750 3088 haecomnia
773 3023 990 3102 componendus
1017 3033 1133 3090 orator;
1162 3033 1194 3084 et

183 3103 250 3161 ioco
258 3103 387 3204 publico
404 3109 564 3184 privatcne,
582 3106 691 3167 celebri
707 3125 743 3166 an
760 3116 888 3183 secreto,
905 3106 998 3167 aliena
1017 3108 1136 3168 civitate
1152 3125 1192 3167 an

181 3195 239 3260 tua,
256 3187 284 3246 ιιι
301 3189 403 3248 castris
419 3189 543 3269 deniqne
559 3208 595 3249 an
610 3191 675 3250 ioro
694 3191 790 3266 dices,
812 3193 933 3251 interest
957 3189 1127 3269 plurimum,
1153 3208 1192 3250 ac

176 3287 260 3331 suam
276 3272 401 3372 quidque
417 3273 537 3333 formam
552 3283 582 3334 et
597 3275 743 3354 proprium
759 3276 901 3354 quendam
915 3273 1029 3333 modum
1045 3274 1190 3372 eloqnep·

180 3352 239 3412 tiae
257 3358 366 3434 poscit:
394 3374 457 3417 cum
477 3359 588 3417 etiam'
580 3377 607 3417 m
629 3360 735 3418 ceteris
758 3358 869 3418 actibus
890 3359 967 3419 ritae
988 3374 1046 3417 uon
1061 3358 1168 3418 idem
1158 3373 1187 3417 m

179 3435 265 3515 iore,
283 3441 360 3500 curia
368 3457 513 3521 ,campo,
533 3443 663 3520 theatro,
682 3443 757 3503 domi
772 3443 872 3503 iacere
891 3442 1056 3510 conveniat;
1073 3449 1105 3501 et
1123 3439 1183 3520 pie·
