2494 3952
179 193 241 256 aba
455 143 458 149 Ι
501 203 864 262 u.suc.eu1nr1o1su1

181 373 211 425 et
233 362 317 441 pueri
337 360 448 435 statim,
475 369 505 420 ut
526 359 682 439 praecepi,
710 358 941 438 quamplurima
967 358 1117 435 ediscant,
1154 369 1202 436 et,

181 461 372 525 quaecunque
395 453 476 504 aetas
499 459 618 520 operam
640 443 780 502 iuvandae
802 441 896 502 studio
919 445 1074 502 memoriae
1099 441 1201 519 dabit,
1237 513 1238 530 χ

181 532 304 591 devoret
320 528 400 588 initio
415 527 540 588 taedium
554 527 625 586 illud
641 536 670 587 et
692 529 801 604 scripta
817 535 847 586 et
864 526 941 586 lecta
956 528 1073 604 saepius
1090 528 1203 587 revol-

85 619 90 630 '
181 613 267 674 rendi
284 620 316 672 et
336 613 418 690 quasi
434 611 555 672 eundem
578 611 673 670 cibum
690 609 885 670 remandendi.
917 609 1002 683 Quod
1020 611 1119 688 ipsum
1138 613 1202 672 boc

182 698 245 758 lieri
260 704 359 775 potest
373 694 482 770 levius,
508 696 533 755 si
548 711 641 773 pauca
659 695 779 772 primum
795 703 824 753 et
841 710 916 771 quae
931 693 1026 754 odium
1042 711 1105 752 non
1123 695 1201 755 all'e-

180 790 244 842 rant
260 781 441 857 coeperimus
460 777 607 845 ediscere:
631 787 690 838 tum
706 778 813 837 cotidie
831 772 957 838 adiicere
973 777 1110 854 singulos
1129 797 1202 838 ver·

181 884 249 940 sus,
273 880 393 942 quorum
414 863 548 922 accessio
572 861 665 922 labori
680 879 796 921 sensnm
817 863 986 922 incrementi
1000 877 1059 920 oon
1073 862 1201 939 afferat,

181 951 210 1007 in
229 964 365 1008 summam
384 946 420 1006 ad
434 945 572 1005 infinitum
594 964 687 1025 usque
711 947 878 1025 perveniam
907 955 935 1003 et
957 947 1072 1023 poetica
1097 948 1199 1024 prius,

181 1043 238 1090 tum
262 1039 426 1105 oratorum,
454 1030 610 1090 novissime
632 1030 716 1089 etiam
738 1029 879 1088 solutiora
900 1031 1024 1088 numeris
1045 1039 1075 1088 et
1095 1032 1199 1106 magis

138 1115 215 1176 {aab
231 1133 283 1174 usu
307 1112 421 1173 dicendi
438 1121 565 1188 remota,
590 1114 685 1191 qualia
702 1122 767 1172 suot
787 1112 1066 1172 iurisconsultorum.
1106 1113 1199 1174 Diffi-

182 1198 283 1259 ciliora
307 1199 380 1257 enim
409 1196 517 1257 debent
541 1213 625 1272 esse,
661 1214 736 1276 quae
758 1205 915 1272 exercent,
946 1212 1004 1274 quo
1027 1198 1065 1256 sit
1094 1197 1200 1258 levius

181 1301 274 1362 rpsum
289 1281 377 1356 illud,
398 1281 426 1339 io
441 1281 519 1358 quod
535 1290 689 1341 exercent:
711 1289 742 1340 ut
757 1279 883 1340 athletae
901 1280 1078 1359 ponderibus
1096 1281 1198 1358 plum·

181 1366 244 1425 beis
261 1365 456 1425 assuefaciunt
472 1382 590 1440 manus,
607 1363 710 1442 quibus
724 1365 824 1424 vacuis
841 1373 870 1422 et
887 1364 969 1424 nodis
984 1365 1013 1423 in
1029 1366 1196 1425 certamine

181 1449 316 1510 utendum
337 1456 391 1507 est.
433 1444 498 1506 Non
523 1450 650 1508 omittam
670 1449 773 1522 etiam,
800 1447 878 1525 quod
898 1447 1049 1508 cotidianis
1071 1451 1195 1526 experi-

181 1534 283 1591 mentis
301 1530 542 1607 deprehenditur,
564 1533 677 1592 miuime
695 1530 810 1592 lidelem
825 1549 893 1590 esse
909 1531 994 1609 paulo
1012 1530 1194 1592 tardioribus

139 1625 174 1678 43
183 1616 304 1692 ingeniis
316 1623 464 1673 recentem
475 1616 650 1674 memoriam.
676 1614 777 1674 Mirum
790 1615 867 1675 dicto
883 1625 928 1675 est
941 1632 996 1674 nec
1010 1617 1039 1674 in
1051 1625 1193 1694 promptu

180 1701 270 1774 ratio,
299 1705 434 1776 quantum
455 1714 514 1757 nox
541 1700 712 1776 interposita
738 1698 839 1758 allerat
865 1698 1024 1774 firmitatis,
1053 1700 1118 1759 siue
1143 1718 1192 1758 re·

183 1783 305 1861 quiescit
327 1780 411 1840 labor
433 1781 500 1858 ille,
523 1784 604 1842 cuius
626 1782 764 1860 sibiipsa
789 1783 920 1858 fatigatio
942 1781 1093 1858 obstabat,
1124 1784 1192 1842 sive

182 1868 372 1943 concoquitur
398 1883 450 1925 seu
475 1875 647 1940 maturatur,
674 1882 748 1943 quae
770 1865 929 1925 firmissima
957 1868 1019 1924 eius
1037 1884 1107 1944 pars
1131 1875 1190 1942 est,

181 1950 361 2016 recordatio;
393 1967 467 2026 quae
492 1951 586 2009 statim
610 1949 714 2009 relerri
736 1967 794 2008 oon
816 1959 966 2028 poterant,
993 1958 1191 2010 contexuntur

181 2042 300 2112 postera
312 2032 370 2108 die,
387 2033 593 2110 confirmatque
609 2035 775 2092 memoriam
790 2034 867 2093 idem
882 2033 953 2093 illud
965 2042 1091 2112 tempus,
1108 2033 1189 2111 quod

139 2127 248 2180 siesse
269 2117 298 2175 in
319 2133 406 2176 causa
428 2117 505 2176 solet
533 2117 696 2177 oblivionis.
740 2116 834 2178 Etiam
859 2117 909 2176 illa
936 2117 1099 2195 praevelox
1121 2116 1189 2177 fere
1238 2167 1239 2172 ,

182 2202 239 2261 cito
256 2199 363 2274 ellluit,
388 2209 432 2275 et,
452 2201 532 2260 uelut
547 2202 695 2278 praesenti
720 2201 817 2261 cilicio
836 2199 1019 2260 luuotauibil
1039 2203 1068 2260 in
1083 2210 1187 2278 poste·

180 2303 242 2343 rum
256 2283 377 2360 debeat,
401 2292 534 2363 tanquam
551 2285 669 2345 dimissa
687 2284 818 2345 discedit.
849 2283 912 2345 Nec
930 2293 976 2344 est
989 2286 1105 2360 mirum,
1126 2302 1187 2344 ma·

179 2369 224 2443 gis
239 2367 362 2427 haerere
377 2369 470 2426 animo
486 2385 561 2445 quae
577 2369 680 2429 diutius
698 2368 783 2428 ailina
799 2370 864 2427 sint.

262 2448 309 2508 Ex
329 2449 383 2509 bac
406 2451 584 2526 ingeniorum
613 2453 784 2512 diversitate,
800 2462 865 2512 nata
885 2453 1023 2513 dubitatio
1037 2461 1112 2528 est,
1144 2453 1188 2513 ad

178 2532 328 2593 verbum
345 2535 392 2593 sit
413 2533 644 2595 ediscendum
665 2537 840 2612 dicturis,
863 2554 905 2596 ao
924 2537 991 2596 vim
1005 2537 1109 2596 ruodo
1128 2555 1188 2598 re·

114 2658 116 2664 s
179 2635 253 2676 rum
272 2625 382 2694 atque
398 2617 560 2678 ordinem
576 2620 775 2698 complecti
795 2622 889 2680 satis
905 2623 969 2689 sit;
992 2620 1029 2680 de
1047 2636 1104 2697 quo
1121 2622 1187 2679 siue

79 2738 87 2763 r
138 2699 264 2760 lodohic
282 2718 339 2759 non
354 2709 452 2779 potest
473 2704 501 2763 in
521 2705 686 2762 universum
701 2705 888 2781 pronuntiari.
919 2702 991 2763 Nam
1006 2706 1032 2762 si
1045 2706 1187 2763 memoria

179 2784 368 2860 sullragatur,
391 2794 504 2863 tempus
519 2803 576 2845 nou
591 2787 696 2847 defuit:
718 2787 797 2848 nulla
812 2805 857 2846 me
872 2787 958 2848 velim
977 2785 1092 2862 syllaba
1112 2788 1186 2847 ellu-

177 2867 252 2941 giat;
276 2867 384 2944 alioqui
404 2871 489 2929 etiam
508 2870 641 2950 seribere
654 2872 691 2930 sit
712 2887 932 2948 supervacuum.
963 2870 1054 2948 ldqoe
1070 2872 1186 2948 praeci-

179 2967 235 3027 pue
252 2967 268 3009 a
284 2953 382 3027 pueris
404 2951 605 3029 obtinendum,
632 2963 720 3032 atque
736 2957 765 3013 iu
779 2953 854 3014 banc
870 2954 1108 3015 consuetudinem
1124 2973 1184 3014 me·

177 3033 268 3092 moria
286 3036 495 3095 exercitatione
510 3037 685 3114 redigenda,
706 3057 742 3097 ue
755 3038 838 3098 uobis
854 3039 998 3099 discamus
1013 3041 1183 3115 ignoscere.

177 3115 306 3195 Ideoque
323 3126 351 3176 et
368 3118 516 3179 admoneri
533 3129 562 3179 et
577 3121 613 3180 ad
628 3120 757 3182 libellum
772 3124 922 3202 respicere
939 3123 1085 3198 vitiosum,
1105 3121 1184 3201 quod

179 3199 341 3261 libertatem
358 3201 554 3279 negligentiae
565 3204 651 3280 lacit,
674 3223 729 3266 neo
747 3209 897 3284 quisquam
915 3223 949 3266 se
963 3224 1063 3284 parum
1081 3213 1182 3266 tenere

136 3283 296 3360 mundiora,
318 3285 411 3362 quod,
433 3304 469 3346 ne
487 3287 542 3347 sibi
558 3288 691 3366 excidat,
713 3307 771 3349 uorr
787 3291 877 3350 timet.
912 3289 982 3351 lude
1006 3291 1181 3366 interruptus

178 3368 299 3426 aetionis
318 3369 441 3446 impetus
459 3380 488 3431 et
505 3373 645 3433 resistens
668 3391 703 3434 ac
719 3373 871 3435 salebrosa
891 3376 1000 3443 oratio;
1023 3381 1053 3433 et
1075 3373 1123 3451 qui
1141 3372 1182 3431 di·

106 3517 108 3524 ,
179 3451 217 3506 cic
236 3450 377 3512 ediscenti
397 3454 514 3531 similis,
537 3457 623 3517 etiam
644 3474 756 3518 ornnem
771 3457 848 3518 bene
870 3460 1043 3537 scriptorum
1057 3457 1182 3534 ,gratiam

145 3635 217 3648 ᾇ
