2494 3952
353 223 443 272 mss.
457 205 796 296 crunon.n1e.1x,·4.
993 277 1000 288 χ
1025 219 1085 280 145

2 395 3 404 ¹
59 379 157 440 tineri.
197 376 354 438 blembrum
371 352 491 458 longius*
508 379 600 455 iusto,
623 379 749 447 tardum
777 379 913 456 brevius,
936 383 1071 445 instabile
1157 399 1161 412 ‘

2 509 3 512 ,
60 473 116 525 est.
153 459 325 541 Ubicunque
341 464 447 522 acriter
458 463 529 543 erit,
545 464 695 539 instanter,
712 465 884 541 pugnaciter
899 466 1067 528 dicendum:

2 553 3 574 ³
58 546 240 608 membratim
257 546 424 624 caesimque
444 545 589 614 dicemus,
612 565 675 606 nam
697 547 755 607 boc
777 549 805 607 in
829 551 960 610 oratione
983 550 1132 627 pluri-tau

2 687 3 698 ,
57 649 137 712 rpurn
158 631 252 697 valet:
286 630 419 708 adeoque
441 628 530 689 rebus
554 631 798 692 accommodanda
822 636 1014 712 compositio,
1041 645 1071 695 ut

58 717 176 793 asperis
199 729 320 792 asperos
343 715 429 773 etiam
444 730 579 773 numeros
596 713 725 776 adhiberi
741 723 877 794 oporteat
899 727 928 776 et
949 737 1011 777 cum
1030 719 1070 778 di·

58 807 148 859 ceute
166 815 260 877 aeque
276 797 437 857 audientem
453 797 667 858 inhorrescere.
707 797 885 873 Membratim
898 801 1069 882 plerumque
1110 793 1114 805 ’

58 881 258 956 narrabimus,
282 889 330 940 aut
346 882 425 960 ipsas
441 881 580 960 periodos
595 879 750 943 maioribus
765 883 926 944 intervallis
944 895 972 944 et
989 886 1131 948 velutlti

58 965 321 1049 laxioribusnodis
338 965 537 1041 resolvemus,
556 968 688 1044 exceptis
705 985 780 1046 quae
793 984 851 1027 non
865 968 990 1030 docendi
1004 987 1070 1046 gra·

57 1052 101 1110 tia
122 1049 176 1120 sed
192 1049 310 1110 ornandi
331 1057 496 1124 narrantur,
517 1059 547 1109 ut
567 1052 595 1110 in
610 1049 733 1110 Verrem
747 1051 941 1130 Proserpinae
957 1062 1066 1132 raptus.

2 1157 3 1202 3
58 1133 118 1194 llic
142 1135 216 1192 enirn
241 1133 314 1193 lenis
342 1141 371 1191 et
393 1132 486 1193 lluens
513 1142 666 1192 contextus
688 1134 783 1195 decet.
834 1136 975 1198 Periodos
1001 1146 1067 1216 apta

2 1251 3 1270 ι
58 1219 220 1296 prooemiis
241 1219 379 1277 maiorum
396 1232 562 1292 causarum,
586 1216 633 1276 ubi
654 1218 865 1296 sollicitudine,
887 1220 1129 1282 commenda-128

57 1303 158 1378 tione,
185 1302 370 1362 miseratione
393 1318 441 1360 res
461 1309 544 1378 eget,
580 1303 648 1361 item
671 1302 867 1362 communibus
893 1303 967 1364 locis
992 1313 1021 1364 et
1041 1305 1070 1364 iu

58 1388 138 1446 omni
162 1385 399 1464 amplificatione:
427 1385 480 1444 sed
502 1386 634 1462 poscitur
655 1394 712 1445 turn
735 1395 868 1460 austera,
891 1390 916 1446 si
933 1405 1068 1464 accuses,
1177 1407 1180 1422 ·

57 1481 118 1530 tum
135 1470 216 1544 lusa,
240 1471 264 1528 si
290 1468 401 1528 laudes.
446 1467 564 1528 blultuur
584 1471 659 1528 etin
676 1469 801 1548 epilogis
818 1471 921 1549 pollet.
962 1470 1066 1532 'l'oturn

56 1563 156 1614 autem
176 1552 233 1613 boc
254 1551 443 1614 adhibendum
462 1561 521 1627 est,
544 1554 622 1632 quod
647 1555 684 1613 sit
704 1555 825 1632 amplius
846 1558 1065 1635 compositionis
1075 1563 1128 1620 129

57 1656 169 1716 genus,
188 1655 252 1697 oum
268 1636 354 1698 iudex
369 1654 426 1696 non
439 1636 532 1697 solum
545 1654 605 1695 rem
622 1645 716 1713 tenet,
733 1638 786 1697 sed
803 1641 888 1699 etiam
904 1649 1005 1719 captus
1022 1649 1067 1699 est

59 1722 193 1781 oratione
217 1729 301 1780 etse
326 1720 419 1781 credit
438 1722 530 1780 actori
554 1729 582 1779 et
604 1720 754 1800 voluptate
774 1723 830 1781 iarn
857 1724 978 1783 ducitur.
1018 1723 1066 1784 lli·

57 1806 151 1866 storia
170 1821 228 1865 non
249 1814 305 1865 tam
326 1805 421 1864 linitos
447 1821 581 1863 numeros
602 1822 684 1882 quam
707 1804 806 1864 orbem
832 1807 973 1883 quendam
998 1824 1066 1867 oon·

51 1899 229 1968 textumque
248 1887 403 1948 desiderat.
446 1887 576 1966 Namque
599 1889 692 1947 omnia
709 1891 770 1948 eins
791 1888 918 1950 membra
935 1907 1067 1951 connexa

59 1981 127 2032 suut
146 1981 190 2048 et,
214 1973 349 2051 quoniam
364 1971 475 2033 lubrica
491 1979 536 2030 est
552 1989 586 2031 ac
601 1971 679 2046 iluit,
702 1979 732 2031 ut
746 1973 894 2049 homines,
916 1977 963 2053 qui
979 1975 1066 2034 mani·

59 2058 114 2116 bus
137 2057 260 2116 invicem
282 2054 472 2135 apprehensis
494 2055 613 2133 gradum
631 2055 757 2132 lirmant,
783 2059 930 2117 continent
951 2067 981 2118 et
1001 2074 1068 2118 con·

57 2143 195 2201 tinentur.
223 2140 485 2200 Demonstrativum
501 2158 593 2218 genus
609 2143 693 2199 omne
709 2138 836 2200 fusiores
847 2139 934 2201 habet
948 2142 1128 2218 liberio-130

1 2268 2 2291 ι
58 2243 169 2304 resque
193 2241 343 2291 numeros;
367 2224 505 2300 judiciale
520 2233 549 2283 et
564 2224 746 2301 contionale,
769 2234 798 2284 ut
819 2227 939 2285 materia
958 2227 1067 2286 varium

57 2318 124 2386 est,
141 2311 184 2367 sic
199 2309 284 2368 etiarn
300 2309 363 2387 ipsa
376 2299 573 2368 collbcatione
587 2307 753 2367 verborum.

146 2391 200 2452 Ubi
215 2395 270 2452 iam
286 2391 369 2452 nobis
385 2409 452 2471 pars
470 2410 507 2452 ex
523 2391 650 2466 duabus,
668 2409 739 2469 quas
761 2393 847 2452 modo
863 2393 1001 2468 iacimus,
1021 2411 1066 2452 se·

58 2475 154 2538 cunda
172 2471 319 2537 tractanda
336 2484 390 2535 est.
432 2473 503 2534 Nam
519 2477 582 2555 quis
598 2474 708 2536 dubitat
724 2477 779 2536 alia
796 2476 906 2552 lenius,
925 2463 980 2538 alia
999 2493 1066 2536 con-

56 2561 194 2635 citatius,
217 2559 274 2620 alia
298 2559 463 2635 sublimius,
487 2559 542 2619 alia
560 2562 736 2638 pugnacius,
761 2559 817 2621 alia
839 2562 983 2636 ornatius,
1011 2560 1067 2620 alia

57 2643 199 2722 gracilius
218 2661 285 2704 esse
301 2642 438 2711 dicenda;
461 2642 614 2721 gravibus,
632 2642 818 2720 sublimibus,
838 2645 945 2704 ornatis
964 2643 1121 2720 longaslitl

57 2729 152 2806 magis
172 2726 301 2803 syllabas
324 2723 503 2787 convenire?
526 2729 611 2786 itaut
631 2727 705 2786 lenia
724 2728 865 2806 spatium,
890 2727 1021 2786 sublimia
1038 2736 1068 2786 et

58 2821 162 2872 oruata
184 2812 343 2871 claritatem
371 2827 487 2890 quoque
513 2809 656 2871 vocalium
682 2819 820 2888 poscant;
852 2811 896 2872 his
924 2812 1068 2870 contraria

57 2896 151 2972 magis
164 2894 293 2972 gaudere
305 2894 453 2970 brevibus,
467 2903 644 2972 argumenta,
656 2895 836 2973 partitiones,
849 2896 933 2954 iocos
947 2905 975 2953 et
988 2895 1067 2972 quid·

59 2978 128 3059 quid
151 2988 196 3038 est
211 2981 337 3038 sermoni
358 2980 450 3056 magis
467 2978 569 3038 simile.
614 2976 715 3054 ltaque
737 2994 943 3057 componemus
961 2985 1131 3055 prone-132

58 3065 145 3122 mium
166 3064 246 3122 varie
270 3071 358 3142 atque
386 3072 417 3120 ut
437 3080 540 3121 sensus
566 3063 629 3121 eius
651 3059 818 3138 postulabit.
862 3061 965 3139 Neque
992 3063 1066 3121 enim

58 3148 237 3206 accesserim
254 3144 360 3223 Celso,
383 3148 431 3224 qui
447 3163 530 3204 unam
545 3145 685 3222 quandam
707 3144 772 3204 huic
792 3148 865 3223 parti
882 3147 1000 3206 formam
1017 3144 1066 3204 de·

58 3232 117 3307 dit,
143 3237 173 3290 et
194 3232 328 3308 optimam
347 3231 588 3308 compositionem
610 3246 677 3288 esse
699 3231 839 3306 prooemii
856 3239 886 3289 ut
910 3227 984 3306 apud
1000 3227 1066 3288 Asi·

59 3315 137 3373 nium
154 3312 239 3374 dixit:
263 3313 315 3391 Si,
338 3312 476 3387 Cacsar,
499 3331 539 3373 cc
559 3313 697 3374 omnibus
712 3315 906 3391 mortalibus,
928 3313 980 3391 qui
998 3321 1068 3373 cnut

57 3419 100 3460 cc
112 3399 255 3476 facerunt,
277 3406 381 3476 posset
395 3399 467 3458 boio
486 3416 601 3460 consae
617 3399 805 3474 disceptator
818 3399 892 3473 lapi,
908 3415 967 3458 non
982 3397 1067 3474 quic-

40 3500 153 3562 quum
172 3489 203 3541 te
222 3485 323 3559 potine
345 3483 497 3560 optandus
519 3481 605 3544 cobis
620 3482 687 3560 fuit.
726 3479 873 3567 Nonquia
889 3498 993 3557 negem
1010 3479 1129 3545 noctae

102 3586 132 3624 ιι.
154 3587 178 3623 r.
203 3585 317 3634 ouuuru.
336 3571 368 3625 11.
860 3564 897 3624 10
