2470 3962
193 200 255 261 ast
512 212 549 260 u.
563 208 872 270 announcement

195 384 258 427 cnm
275 364 493 425 Demosthenen
514 381 634 441 puerum
641 361 801 423 admodum
823 364 954 424 actiones
970 363 1139 441 pupillares
1153 364 1222 424 ha·

194 449 293 510 buisse
310 448 490 509 manifestum
512 447 566 520 sit,
587 443 712 522 Calvus,
738 442 864 523 Caesar,
888 446 984 507 Pollio
998 446 1122 508 multum
1138 457 1199 507 ante

196 533 389 612 quaestoriam
412 548 511 591 omnes
534 538 658 590 aetatem
680 529 850 606 gravissima
873 531 979 590 iudicia
1002 533 1197 608 susceperint,

196 624 397 695 praetextatos
420 615 518 692 egisse
533 613 671 691 quosdam
689 614 726 672 sit
746 612 896 689 traditum,
923 610 1035 674 Caesar
1049 613 1198 689 Augustus

168 699 348 762 aduodecim
366 705 449 759 natus
470 713 560 757 annos
584 698 675 756 aviam
691 712 745 774 pro
767 699 871 756 rostris
892 697 1066 757 laudaverit.
1100 696 1197 759 llodm

195 783 262 843 milri
275 784 389 843 videtur
405 781 517 860 qnidam
533 780 685 855 tenendus,
702 787 731 839 ut
746 796 842 858 neque
855 797 1061 859 praepropere
1079 781 1195 840 destrin-

195 875 278 944 gatur
295 868 442 926 immatura
457 863 539 924 frons
556 873 603 938 et,
627 862 764 942 quidquid
782 872 827 923 cst
842 864 913 924 illud
931 862 1026 924 adbuc
1049 864 1194 940 acerbum,

197 950 376 1029 prolatatum
392 965 457 1008 nam
470 947 536 1008 inde
549 958 578 1008 et
593 955 774 1024 contemptus
788 949 888 1025 operis
900 948 1079 1023 innascitur,
1099 957 1128 1007 et
1142 948 1195 1008 lun·
1221 961 1222 968 ¹

197 1034 328 1093 damenta
342 1032 483 1092 iaciuntur
498 1029 710 1110 impudentiae,
729 1039 776 1104 et,
794 1030 872 1108 quod
890 1039 935 1090 est
949 1029 1122 1110 ubicunque
1138 1049 1195 1109 per·

166 1116 433 1188 tuicionissimum,
457 1115 608 1192 praeuenit
624 1115 701 1173 vires
719 1113 832 1174 fiducia.
861 1113 925 1174 Nec
940 1132 1041 1174 rursus
1064 1114 1194 1175 dilleren·

196 1201 262 1260 dum
278 1207 322 1259 est
336 1198 498 1258 tirocinium
512 1199 541 1257 in
555 1206 750 1264 senectutem:
768 1215 832 1258 nam
845 1198 952 1258 cotidie
967 1207 1064 1259 metus
1083 1200 1194 1273 crescit,
1221 1219 1222 1238 ¹

195 1283 344 1361 maiusque
361 1282 390 1342 lit
406 1300 539 1360 semper,
561 1281 638 1360 quod
655 1281 751 1342 ausuri
765 1299 878 1358 sumus,
903 1290 947 1357 et,
971 1281 1038 1341 dum
1054 1281 1194 1342 delibera·

195 1385 268 1442 mus,
288 1367 402 1444 quando
417 1365 608 1442 incipiendum
623 1364 671 1440 sit,
688 1365 820 1442 incipere
836 1366 891 1425 iam
907 1382 1004 1424 serum
1021 1374 1077 1424 est.
1105 1365 1194 1440 Quare

195 1451 318 1510 fructum
346 1449 504 1508 studiorum
526 1449 646 1508 viridem
671 1457 700 1508 et
727 1447 821 1508 adbuc
842 1447 956 1508 dulcem
984 1451 1081 1526 promi
1105 1449 1193 1522 decet,

197 1533 262 1592 dum
286 1541 315 1592 et
337 1533 421 1591 venia
451 1541 479 1591 et
501 1549 571 1609 spes
594 1541 639 1591 est
660 1540 690 1591 et
714 1541 832 1609 paratus
854 1532 937 1593 favor
958 1541 988 1592 et
1009 1532 1123 1593 andere
1144 1549 1194 1591 non

197 1617 339 1683 dedecet;
362 1622 407 1690 et,
429 1615 453 1674 si
470 1615 538 1693 quid
554 1615 631 1675 desit
646 1616 746 1693 operi,
772 1615 888 1693 supplet
906 1623 1005 1690 aetas,
1033 1625 1081 1690 et,
1105 1617 1129 1674 si
1145 1632 1195 1695 qua

168 1703 262 1758 dsunt
284 1698 360 1758 dicta
382 1698 564 1773 iuveniliter,
588 1715 642 1777 pro
666 1697 764 1759 indole
785 1699 980 1777 accipiuntur:
1004 1707 1036 1759 ut
1050 1707 1128 1759 totus
1149 1698 1194 1758 ille

197 1780 349 1843 Ciceronis
364 1798 418 1860 pro
433 1781 641 1842 Sextollnscio
659 1783 756 1842 locus:
775 1779 856 1855 Quid
870 1782 949 1844 eninr
964 1791 1029 1842 tom
1046 1802 1196 1844 cornmcne

198 1883 290 1944 pacm
310 1868 437 1946 spiritua
457 1867 549 1939 eicis,
578 1875 663 1926 terra
685 1867 828 1940 mortuis,
859 1885 947 1927 more
966 1862 1194 1942 fluctuantibus,

196 1951 267 2012 titur
289 1951 414 2019 eiectis?
444 1948 525 2022 Quae
547 1968 610 2008 curn
628 1967 682 2008 sex
703 1957 732 2009 et
748 1949 848 2025 viginti
864 1958 946 2008 natus
968 1966 1061 2008 anuos
1083 1949 1195 2008 summis

197 2033 370 2093 audientium
391 2033 567 2092 clamoribus
589 2033 709 2092 dixerit.
735 2033 898 2092 defervisse
915 2043 1050 2110 tempore
1067 2042 1097 2093 et
1118 2033 1194 2092 annis

197 2114 323 2194 liquata,
347 2116 402 2176 iam
425 2117 524 2177 senior
543 2115 619 2176 idem
642 2116 757 2175 latetur
787 2113 825 2174 Et
847 2115 967 2176 hercule
990 2115 1194 2194 quantumlibet

197 2208 313 2260 secreta
335 2199 428 2259 studia
454 2199 641 2260 contulerint:
672 2207 833 2258 esttamen
854 2201 991 2277 proprius
1006 2199 1123 2277 quidam
1142 2198 1194 2258 fori

197 2269 363 2361 proiectus,
382 2283 438 2344 alia
455 2283 521 2358 lux,
544 2281 599 2342 alia
616 2301 677 2341 verr
670 2282 864 2342 discriminis
880 2283 987 2350 lacies;
1013 2282 1156 2362 plusque,
1173 2281 1194 2338 si

198 2383 337 2442 separes,
359 2383 429 2426 usus
445 2366 506 2426 sine
524 2365 655 2426 doctriua
675 2383 759 2443 quarn
778 2366 849 2426 citra
865 2383 945 2426 usum
962 2366 1094 2426 doctrina
1109 2355 1222 2426 valet

171 2460 186 2508 5
200 2447 329 2525 Ideoque
344 2449 471 2508 nonnulli
488 2467 575 2508 senes
591 2450 619 2508 in
634 2448 736 2508 schola
752 2449 821 2509 lacti
837 2458 953 2526 stupent
967 2450 1113 2525 novitate,
1136 2466 1193 2508 cun

199 2533 227 2590 in
251 2531 355 2592 iudicia
378 2540 537 2607 uenerunt,
567 2541 597 2590 et
617 2533 710 2592 omnia
734 2532 794 2591 suis
816 2531 1074 2592 exercitationibus
1096 2531 1193 2591 similia
1221 2569 1222 2576 κ

199 2615 374 2676 desiderant.
407 2615 446 2674 At
466 2615 526 2676 illie
548 2623 577 2674 et
598 2615 685 2675 iudex
707 2624 784 2680 tacet
807 2623 835 2674 et
856 2616 1041 2676 adversarius
1056 2615 1193 2692 obstrepit

199 2707 229 2758 et
244 2699 313 2758 nihil
329 2707 439 2759 temere
456 2699 562 2760 dictum
577 2699 671 2776 perit,
687 2706 733 2773 et,
750 2700 775 2757 si
791 2699 860 2778 qnid
876 2698 927 2758 tibi
942 2717 1055 2774 sumas,
1072 2698 1193 2777 proban·

200 2782 264 2841 dum
281 2792 336 2858 est,
355 2791 383 2842 et
399 2781 556 2843 laboratam
575 2791 803 2860 congestamque
819 2782 929 2842 dierum
946 2801 980 2842 ac
996 2783 1123 2842 noctium
1139 2790 1193 2840 stu·

201 2865 248 2924 dio
269 2867 412 2926 actionem
434 2884 508 2945 aqua
530 2865 645 2939 deficit,
673 2873 702 2924 et
724 2865 832 2924 omisso
855 2883 957 2942 magna
978 2883 1097 2944 semper
1113 2863 1193 2925 flandi

199 2957 311 3007 tumore
327 2949 355 3007 in
372 2949 541 3028 quibusdam
558 2949 653 3009 causis
671 2948 846 3027 loquendum
864 2958 922 3017 est;
946 2949 1024 3028 quod
1040 2950 1081 3009 illi
1097 2948 1193 3007 diserti

172 3032 313 3092 lirniuime
331 3033 432 3094 sciunt.
463 3031 562 3110 ltaque
581 3031 734 3091 nonnullos
751 3035 899 3111 reperias,
924 3034 971 3111 qui
987 3031 1044 3091 sibi
1059 3032 1193 3111 eloquen-

200 3117 291 3174 tiores
302 3113 463 3190 videautar,
480 3133 564 3194 qnam
580 3125 609 3174 ut
623 3131 725 3174 causas
737 3124 831 3192 agant.
860 3114 994 3176 Ceterum
1007 3116 1098 3190 illum,
1114 3132 1192 3195 quem

200 3201 333 3257 invenem
354 3199 522 3277 tenerisque
539 3197 633 3258 adhuc
647 3197 756 3258 viribus
774 3200 912 3259 nitentem
927 3199 955 3256 in
970 3199 1064 3257 lorum
1080 3199 1191 3259 deduxi·

200 3301 277 3356 tntis,
297 3291 325 3342 et
342 3283 471 3361 incipere
488 3300 570 3360 quam
588 3282 711 3341 maxime
730 3282 810 3342 dacili
826 3301 860 3342 ac
878 3281 1030 3342 favorabili
1046 3300 1133 3342 causa
1146 3298 1191 3339 re·

201 3367 266 3438 lim,
291 3366 416 3427 ferarum
439 3374 467 3424 ut
489 3365 575 3425 canili
597 3365 731 3425 molliore
751 3366 860 3444 praeda
884 3367 1065 3442 saginantur,
1092 3373 1122 3424 et
1140 3379 1191 3423 ron

111 3494 113 3497 .
201 3449 299 3526 utique
325 3447 362 3508 ab
388 3448 446 3509 hoc
472 3449 553 3508 initio
581 3449 748 3508 continuare
776 3466 894 3528 operam
916 3457 945 3508 et
967 3449 1085 3526 ingenio
1105 3448 1191 3510 adhue
