2494 3952
327 237 424 315 'unam
438 265 587 315 oaauoa.
599 267 668 316 rna.
686 267 724 334 x,
737 265 762 318 1.
921 231 927 238 ’
992 255 1051 320 165

54 424 253 484 nominaretur.
287 419 377 482 Tanta
394 423 422 482 in
437 438 474 482 eo
492 422 536 482 vis
554 431 615 498 est,
631 421 659 483 id
674 438 810 498 acumen,
833 438 867 483 ea
885 425 1051 502 concitatio,

53 517 83 567 ut
97 506 175 566 illum
191 507 294 566 eodem
306 508 400 566 animo
411 505 531 583 dixisse,
548 521 606 584 quo
617 505 747 581 bellavit,
761 514 914 584 appareat;
931 518 1053 569 exornat

53 587 143 652 tame'n
165 588 353 650 haecomnia
378 590 447 649 mira
472 591 630 665 sermonis,
658 591 738 650 cuius
764 590 881 668 proprio
907 589 1052 653 studiosus

52 674 119 750 init,
142 673 297 751 elegantia.
340 671 460 734 blultum
477 674 585 751 ingenii
605 674 634 732 in
656 670 784 733 Caelio
803 683 832 732 ει
849 676 1007 754 praecipue
1024 678 1111 741 inlli

53 758 215 818 accusando
232 757 320 817 multa
342 756 500 834 urbanitas,
516 757 679 834 dignusque
694 758 738 816 vir
752 757 798 816 cui
814 765 843 817 ct
854 774 935 818 mens
950 760 1054 820 melior

1 918 2 921 Ἴ
53 851 81 901 ει
97 843 153 901 vita
169 840 286 918 longior
300 841 480 918 contigisset.
506 839 618 900 ,loreni
634 841 682 919 qui
704 838 855 900 Calvum
871 842 1054 919 praeferrent

52 924 192 1001 omnibus,
208 926 305 984 inveni
322 926 369 1002 qui
386 921 521 985 Ciceroni
537 923 705 998 crederent,
723 941 787 985 eum
801 926 886 983 nimia
904 935 1004 987 contra
1019 946 1055 987 se

51 1009 189 1070 calumnia
206 1025 305 1068 verum
321 1008 488 1085 sanguinem
511 1006 687 1086 perdidisse;
711 1007 829 1068 sedeat
851 1016 881 1067 ct
902 1018 1002 1071 sancta
1024 1019 1055 1071 et

50 1094 147 1170 gravis
169 1094 262 1152 oratio
288 1099 318 1151 et
338 1090 481 1152 custodita
501 1100 531 1152 et
551 1092 721 1169 frequenter
740 1089 898 1151 vehemens
924 1112 1052 1173 quoque.

49 1175 177 1236 imitator
198 1185 293 1236 autem
315 1183 360 1235 εει
381 1172 559 1250 Atticorum,
587 1175 714 1254 iecitque
735 1175 778 1235 illi
798 1186 953 1254 properata
975 1195 1053 1238 mors

49 1260 188 1335 iniuriam,
204 1261 229 1320 si
247 1258 313 1338 quid
327 1259 491 1320 adiecturus
507 1258 577 1335 sibi,
593 1275 650 1318 non
666 1259 690 1318 si
707 1259 775 1337 quid
791 1259 971 1320 detracturus
990 1261 1063 1322 luit.-

50 1342 87 1404 Et
105 1343 264 1403 Servius
284 1343 476 1421 ‘Sulpicius
499 1344 640 1419 insignem
655 1359 712 1401 non
729 1343 869 1402 immerito
886 1342 989 1404 lamam
1005 1346 1111 1412 tri-116

49 1427 104 1486 bus
118 1426 295 1487 orationibus
312 1427 424 1486 meruit.
456 1423 561 1503 llulta,
583 1428 608 1485 si
624 1444 687 1487 cunn
702 1425 808 1492 iudicio
824 1426 953 1504 legatur,
977 1427 1055 1489 dabit

49 1511 207 1571 imitatione
223 1509 309 1588 digna
328 1507 482 1570 cassius
503 1511 686 1586 Severus,
710 1511 758 1590 qui
780 1510 804 1570 ai
821 1513 928 1573 ceteris
944 1513 1054 1573 virtuti·

48 1595 103 1654 bus
120 1594 249 1655 colorem
261 1603 291 1654 et
302 1594 473 1671 gravitatem
486 1596 624 1654 orationis
636 1593 802 1671 adiecisset,
817 1595 968 1673 ponendus
979 1597 1054 1656 inter

49 1679 225 1757 praecipuos
241 1678 328 1739 ioret.
359 1676 431 1737 Nam
446 1687 477 1736 ει
493 1679 599 1755 ingenii
611 1678 762 1756 plurimum
773 1687 819 1738 est
833 1680 862 1738 in
878 1697 914 1739 eo
927 1688 956 1740 et
972 1689 1111 1744 acer-117

51 1760 123 1821 bites
138 1763 220 1838 mira,
237 1771 267 1822 et
282 1761 427 1822 urbanitas
445 1762 508 1820 eius
521 1779 643 1829 summa;
660 1761 712 1821 sed
728 1761 793 1839 plus
806 1763 956 1826 stomacho
970 1781 1054 1842 quam

49 1845 174 1906 consilio
189 1845 277 1906 dedit.
312 1844 467 1905 Praeterea
485 1854 515 1905 ut
529 1846 617 1905 amari
634 1843 729 1904 sales:
744 1845 783 1904 ita
798 1845 967 1925 frequenter
977 1865 1052 1907 ama·

47 1929 143 1989 ritulo
165 1931 228 2008 ipsa
246 1928 367 1990 ridicula
380 1937 434 1989 est·
466 1929 537 1990 Sunt
549 1929 597 1990 alii
607 1928 688 1989 multi
699 1927 810 2005 diserti,
828 1947 901 2008 quos
915 1930 1113 2010 persequille

14 2039 19 2046 ·
44 2009 166 2091 longum
182 2021 236 2072 est.
277 2009 384 2094 Eorum
409 2029 483 2091 quos
506 2013 627 2074 viderim
646 2011 827 2074 Domitios
843 2013 931 2074 Afer
952 2023 981 2074 et
996 2015 1054 2075 lu·

49 2097 124 2158 lius
145 2094 356 2158 Africanus
370 2095 459 2175 longe
485 2096 733 2176 praestantissimi.
775 2094 847 2157 Arte
870 2097 920 2158 ille
943 2107 973 2157 et
993 2107 1054 2158 toto

45 2180 287 2258 generedicendi
303 2180 514 2260 praeferendus
531 2190 560 2240 et
576 2199 662 2260 quem
678 2181 840 2241 innumero
858 2190 988 2242 veterum
1003 2182 1054 2242 ba·

9 2267 18 2284 ⁹
45 2265 119 2324 bere
140 2280 198 2324 non
221 2265 337 2333 timeas;
360 2264 408 2324 hic
429 2265 601 2326 concitatior
622 2264 675 2325 sed
697 2266 725 2325 in
748 2282 816 2325 cura
837 2263 992 2325 verborum
1013 2266 1055 2324 ni·

44 2351 119 2408 mius
139 2356 168 2408 et
184 2349 395 2427 compositione
414 2365 614 2428 nonnunquam
631 2348 747 2426 longior
771 2356 799 2408 et
820 2347 1055 2409 translationibus

43 2450 149 2511 parum
163 2431 305 2492 modicus.
337 2428 426 2492 Erant
445 2432 523 2493 clara
539 2442 672 2511 etnuper
686 2433 811 2509 ingenia.
843 2431 1113 2494 Etl'racba·119

44 2517 108 2576 lus
132 2513 303 2595 plerumque
325 2515 455 2576 sublimis
473 2524 503 2577 et
523 2517 593 2576 satis
612 2524 731 2595 apertus
754 2516 806 2576 iuit
828 2526 857 2577 et
873 2534 959 2597 quem
974 2516 1054 2578 velle

45 2601 157 2678 optima
174 2599 328 2675 crederes,
347 2600 458 2661 auditus
474 2609 568 2660 tamen
583 2602 687 2668 maior;
714 2617 777 2660 nam
801 2609 831 2660 et
845 2601 947 2676 vocis,
965 2617 1053 2679 quan·

43 2693 103 2744 tam
120 2684 149 2742 in
162 2682 243 2744 nullo
261 2685 397 2762 cognovi,
417 2684 544 2745 felicitas
561 2692 589 2745 et
605 2683 798 2762 pronuntiatio
816 2683 865 2744 vel
882 2685 979 2745 scenis
994 2684 1053 2744 sui·
1121 2712 1123 2719 r

43 2767 160 2829 lectura
177 2776 206 2827 et
218 2766 310 2828 decor
325 2769 418 2828 omnia
435 2768 560 2847 denique
576 2768 614 2843 ei,
631 2785 706 2846 quae
721 2776 786 2827 sunt
796 2775 887 2843 extra,
900 2767 1053 2846 superfue-

44 2860 126 2919 runt;
150 2861 179 2913 et
199 2851 327 2911 Vibius
351 2850 507 2932 Crispus
534 2853 714 2929 compositus
741 2859 770 2911 et
794 2851 933 2912 iucundus
954 2860 983 2911 et
1004 2851 1054 2911 de·

43 2935 197 2997 lactationi
220 2945 322 3012 natus,
340 2936 460 3015 privatis
476 2944 571 2996 tamen
587 2936 682 2995 causis
699 2952 783 3015 quam
800 2934 924 3014 publicis
939 2935 1052 2996 melior.

3 3025 11 3080 2·
42 3019 141 3081 lulio
169 3019 360 3096 Secundo,
381 3021 405 3079 si
428 3018 736 3097 longiorcontigisset
752 3027 848 3096 aetas,
866 3019 1114 3082 clarissimumlttt

4 3115 6 3122 ’
42 3104 183 3184 proiecto
210 3120 314 3165 nomen
342 3105 466 3164 oratoris
494 3104 570 3183 apud
595 3111 733 3182 posteros
759 3103 845 3163 ioret.
888 3102 1056 3164 Adiecisset

42 3191 140 3263 enim,
162 3197 248 3267 atque
264 3187 418 3264 adiiciebat
433 3189 539 3248 ceteris
554 3187 708 3249 virtutibus
726 3187 785 3247 suis
802 3185 879 3266 quod
896 3185 1056 3246 desiderari

41 3281 157 3352 potest.
180 3270 210 3331 ld
224 3280 268 3332 est
280 3279 385 3349 autem,
403 3280 434 3332 ut
449 3279 529 3332 esset
543 3270 737 3349 multomagis
754 3288 885 3350 pugnans
898 3279 927 3330 et
937 3270 1054 3348 saepius

4 3349 7 3418 l
41 3357 78 3417 ad
103 3373 204 3415 curam
224 3373 318 3417 rerum
341 3355 377 3415 ab
401 3355 568 3417 elocutione
590 3355 763 3434 respiceret.
811 3352 946 3415 Ceterum
968 3355 1111 3420 inter-121

41 3448 153 3519 ceptus
170 3456 287 3519 quoque
304 3457 437 3517 magnum
453 3438 507 3501 sibi
522 3438 647 3500 vindicat
662 3437 772 3507 locum;
796 3455 831 3497 ea
851 3445 896 3497 εει
910 3437 1053 3513 facundia,

5 3519 6 3534 ²
39 3532 124 3585 tanta
140 3522 170 3582 in
186 3523 360 3604 explicando
380 3523 457 3604 quod
472 3522 543 3584 velit
558 3523 670 3603 gratia,
696 3531 754 3584 tam
774 3521 924 3583 candidum
942 3530 970 3580 ct
986 3521 1054 3582 lene
