2494 3952
341 207 430 256 rusu.
445 205 778 275 consumunmt.
1008 201 1066 264 147
1141 199 1146 240 a

66 377 125 439 que
139 360 228 420 motui
247 357 387 436 quaedam
402 367 532 436 tempora
548 360 693 437 assignem
715 361 806 439 pedes
824 379 882 422 non
900 364 991 424 minus
1009 366 1067 426 sal·

65 443 168 504 tationi
180 460 264 521 quam
278 441 519 502 modulationibus
535 443 652 504 adhibet
666 445 775 504 musica
787 447 860 505 ratio
876 463 1066 508 numerorum.

65 521 165 600 Quid?
183 541 240 584 non
255 541 315 584 vox
331 532 360 583 et
373 532 475 601 gestus
490 526 722 588 accommodatur
738 537 856 588 naturae
873 530 1015 607 ipsarum,
1031 531 1068 592 dc
1136 564 1139 568 -

65 609 170 687 quibus
194 608 330 683 dicimus,
353 605 473 668 rerum?
519 608 583 682 Quo
604 611 695 670 miuus
718 610 750 670 id·
773 613 872 670 mirum
893 613 922 670 in
945 612 1067 691 pedibus

65 691 217 766 orationis,
235 701 299 750 cum
310 689 434 752 debeant
445 689 576 752 sublimia
591 693 713 769 ingredi,
728 694 803 753 lenia
819 695 895 770 duci,
910 698 988 756 acria
1003 715 1066 756 cur-

64 793 151 851 rere,
169 773 293 834 delicata
313 773 414 836 fuere.
459 772 561 852 ltaque
582 776 769 852 tragoediae,
795 776 843 836 ubi
863 795 989 840 necesse
1012 788 1067 855 est,
1076 786 1126 841 140

64 859 235 919 affectamus
247 858 332 916 etiam
343 866 501 934 tumorem,
518 858 567 935 qui
578 859 716 936 spondeis
731 867 817 938 atque
832 860 932 920 iambis
942 863 1065 922 maxime

65 942 245 1002 continetur:

151 1021 200 1084 llo
219 1026 340 1102 impero,
353 1020 463 1102 Argis,
484 1031 609 1101 sceptra
629 1024 701 1086 nebi
720 1025 806 1104 liquit
825 1024 942 1104 Pelops.

64 1109 106 1166 At
123 1106 175 1166 ille
190 1109 318 1166 comicus
337 1123 431 1184 aeque
445 1110 592 1184 senarius,
618 1107 716 1186 [mem
737 1110 915 1171 trochaicum
936 1110 1095 1188 vocantl*

65 1190 197 1269 pluribus
211 1189 370 1268 [choreis],
388 1191 436 1267 qui
451 1190 581 1250 trochaei
594 1190 629 1250 ab
642 1191 705 1251 aliis
718 1190 865 1268 dicuntur,
882 1191 1068 1270 pyrrhichiis·

4 1331 6 1336 .
65 1274 151 1353 [que]
168 1271 308 1341 decurrit;
331 1272 384 1331 sed
400 1282 534 1349 quantum
553 1275 659 1353 accipit
676 1275 854 1351 celeritatis,
875 1283 982 1336 tantum
1000 1286 1123 1352 gra-141

3 1409 5 1428 ,
63 1358 162 1416 vitatis
177 1356 293 1415 amittit:

152 1436 235 1510 Quid
251 1440 345 1517 igitur
359 1440 497 1518 sociam?
520 1457 580 1500 coss
598 1458 665 1500 eoas
683 1460 721 1501 rac
737 1459 820 1500 canc
839 1441 982 1517 quidem?

64 1523 181 1600 Aspara
205 1539 277 1580 vero
298 1530 326 1581 et
345 1521 502 1599 maledica,
526 1531 557 1581 ut
574 1521 649 1597 dixi,
675 1525 760 1582 etiam
775 1525 804 1582 iu
823 1525 947 1582 carmine
965 1523 1065 1582 iambis

64 1612 253 1682 grassantur:

233 1686 308 1759 Quis
320 1687 376 1750 ltoc
390 1695 489 1767 potest
500 1688 624 1763 videre,
641 1687 709 1766 qais
725 1697 822 1767 potest
836 1691 914 1768 poti,

2 1823 3 1834 ,
230 1769 300 1832 Nisi
316 1773 491 1849 impudicus
513 1777 542 1832 et
556 1788 655 1833 aaran
675 1779 704 1833 at
720 1773 809 1834 cleof

65 1855 98 1915 ln
109 1855 271 1914 umversum
285 1861 393 1930 autem,
410 1855 435 1914 si
450 1856 644 1930 sitnecesse,
660 1855 758 1916 duram
774 1855 869 1937 potius
882 1862 968 1931 atque
981 1862 1124 1930 aspa-142

1 1941 2 1996 l
64 1956 127 1998 ram
139 1939 377 2015 compositionem
388 1937 483 1998 malim
497 1955 563 1997 esse
578 1955 662 2015 quam
678 1938 869 1998 effeminatam
881 1946 909 1996 et
922 1953 1067 2009 enervem,

1 2017 4 2029 '
66 2021 160 2099 qualis
184 2020 259 2098 apud
275 2021 396 2088 multos;
420 2030 449 2080 et
464 2020 570 2082 cotidie
586 2023 677 2097 magis
696 2022 860 2081 lascisimus
881 2029 1068 2095 syntonorum

64 2103 159 2162 modis
175 2103 345 2163 saltitantes.
390 2103 435 2164 Ac
450 2122 486 2162 ne
502 2112 558 2163 tam
576 2104 652 2163 bons
672 2105 786 2182 quidem
800 2104 859 2163 ulla
875 2105 947 2179 erit,
970 2112 1000 2161 ut
1018 2100 1068 2160 dc·

63 2187 135 2246 beat
151 2204 218 2247 esse
238 2190 371 2247 continua
387 2195 416 2246 et
437 2188 465 2245 in
481 2187 600 2246 eosdem
617 2205 734 2266 semper
750 2188 842 2265 pedes
857 2188 910 2244 ire.
950 2184 1022 2245 Nam
1039 2183 1132 2247 etlffs'

63 2268 249 2331 versificandi
263 2288 355 2346 genus
373 2279 511 2329 estunam
527 2271 622 2347 legem
638 2271 766 2329 omnibus
784 2267 965 2327 sermonibus
981 2268 1065 2334 dara;

65 2361 97 2413 et
105 2353 134 2412 id
143 2371 205 2412 cum
216 2354 385 2413 manifestae
394 2353 583 2413 affectationis
597 2363 640 2412 est
649 2354 745 2432 (cuius
754 2354 797 2411 rei
808 2353 930 2411 maxime
940 2351 1067 2410 cavenda

64 2437 273 2514 suspicio-est)
292 2445 350 2495 turn
366 2437 450 2496 etiam
465 2437 588 2496 taedium
606 2456 643 2497 err
657 2435 839 2496 similitudine
855 2452 889 2494 ac
906 2435 1068 2494 satietatem

65 2528 163 2587 creat;
188 2534 305 2596 quoque
328 2529 373 2579 est
395 2518 523 2596 dulcius,
546 2521 637 2596 magis
660 2520 755 2597 perdit
777 2535 870 2596 aeque
893 2526 921 2576 et
939 2517 1022 2577 fidem
1039 2525 1068 2575 et

64 2602 188 2662 affectus
209 2612 361 2681 motusque
378 2619 492 2678 omnes,
520 2605 567 2680 qui
584 2612 628 2662 est
645 2604 673 2660 in
695 2602 750 2661 bac
767 2618 835 2660 cura
858 2599 1067 2678 deprehensus,

1 2699 2 2732 ὲ
63 2684 128 2744 Neo
145 2694 243 2764 potest
257 2687 283 2744 ei
300 2686 421 2762 credere
434 2693 481 2745 aut
495 2695 617 2764 propter
633 2703 696 2744 enm
709 2684 811 2744 dolere
827 2691 855 2742 et
869 2684 955 2742 irasci
969 2682 1066 2757 iudex,

65 2768 112 2827 cui
132 2777 215 2845 putat
236 2768 293 2828 hoc
316 2786 432 2828 vacare.
476 2765 605 2846 Ideoque
620 2769 732 2826 interim
749 2766 889 2844 quaedam
904 2766 986 2844 quasi
1006 2764 1129 2826 sol-lit

62 2851 159 2910 venda
181 2851 216 2910 de
234 2851 372 2910 industria
393 2860 471 2920 sunt;
496 2851 547 2911 illa
562 2851 677 2930 quidem
703 2851 816 2909 maximi
837 2847 945 2909 laboris
964 2866 1000 2906 ne
1021 2848 1061 2908 la·

1 2941 2 2946 ’
63 2934 168 2994 borata
190 2935 350 3016 videantur.
402 2933 461 2994 Sed
486 2952 580 3011 neque
602 2933 800 3010 longioribus,
830 2949 914 3010 quam
939 2940 1067 3010 oportet,

64 3016 239 3095 hyperbatis
263 3017 465 3097 compositioni
485 3019 659 3092 serviamus,
676 3034 728 3091 ue,
750 3032 824 3093 quae
840 3017 901 3073 eins
917 3016 960 3074 rei
975 3017 1068 3092 gratia
1124 3059 1126 3063 .

1 3121 2 3124 ¹
63 3100 240 3176 fecerimus,
269 3110 390 3181 propter
413 3117 475 3160 eam
493 3101 601 3160 fecisse
621 3100 781 3167 videamur;
809 3107 838 3156 et
860 3105 940 3157 certe
961 3097 1068 3156 nullum
1110 3087 1113 3099 '

64 3191 164 3261 aptum
186 3179 271 3262 atque
293 3182 426 3243 idoneum
452 3183 570 3243 verbum
590 3191 783 3261 permutemus
812 3183 904 3258 gratia
932 3179 1066 3240 lenitatis.

1 3269 2 3292 ³
62 3265 170 3343 Neque
193 3267 267 3325 enim
287 3267 375 3326 ullum
396 3267 450 3325 erit
465 3273 521 3326 tam
540 3265 673 3341 difficile,
695 3264 772 3343 quod
787 3280 844 3323 non
861 3263 1127 3323 commodem-14⁵

1 3393 2 3416 ,
64 3351 127 3409 seri
145 3349 254 3427 possit;
280 3349 333 3409 nisi
352 3349 428 3428 quod
442 3350 471 3408 in
487 3349 625 3410 evitandis
641 3347 780 3408 eiusmodi
796 3346 893 3406 verbis
909 3362 966 3405 non
980 3347 1068 3405 dccc·

1 3429 2 3438 ’
63 3451 129 3495 rem
152 3434 369 3520 compositionis
396 3435 558 3511 quaerimus
582 3433 635 3492 sed
655 3430 832 3524 facilitatem.
857 3427 947 3574 ¹plpn
973 3437 1069 3488 tamen
