2508 3958
362 188 452 238 msn.
466 187 615 239 crunon.
628 188 799 259 n1a.v1,3.
862 147 864 156 ”
1019 181 1081 246 265

80 347 175 424 μνῆ
189 352 220 404 et
235 344 392 404 testimonii
408 343 475 404 loco
491 346 604 424 posuit3
621 355 663 422 nt,
680 363 738 426 quo
753 347 925 426 samtmaqis
935 347 1078 428 vulgaria,

82 445 115 490 oc
127 429 167 488 sit
182 426 371 504 credibilius,
391 427 443 488 illa
458 428 494 488 ab
511 437 628 489 oratore
651 447 709 490 non
729 430 797 491 ficta
820 430 873 491 sed
888 433 996 510 passim
1011 450 1080 494 esse

6 561 8 571 .
78 513 192 574 iactata.
217 510 394 590 Utinamque
413 511 533 572 libertus
549 514 611 573 eius
624 513 692 573 'liro
707 514 855 589 actalius,
874 516 1003 594 quisquis
1012 517 1077 596 tuit,
1090 529 1108 582 5

75 596 124 675 qui
138 597 192 655 tris
207 595 262 656 hac
277 591 315 656 dc
326 613 359 655 ro
377 595 468 656 libros
484 596 588 672 edidit,
612 599 729 676 parcius
746 599 889 658 dictorum
902 616 1020 660 numero
1036 603 1078 660 in·

5 689 7 758 j
72 679 234 741 dulsisseut
251 688 286 738 et
304 679 370 758 plns
391 679 488 740 iudicii
511 682 539 740 in
560 680 703 759 eligendis
725 697 809 760 quam
833 683 862 740 in
883 685 1079 760 congerendis

5 765 7 831 ἑ
73 762 162 826 studii
179 762 392 823 adhibuissent:
404 765 503 825 minus
518 763 651 825 obiectus
667 764 903 826 calumniantibus
916 765 1012 835 'laren
1031 768 1080 846 qui

5 847 6 922 ᾗ
71 857 171 908 minan
185 865 261 907 nnnc
279 863 412 925 qnoque,
430 858 461 909 ut
475 849 504 908 in
519 851 595 908 omni
610 851 673 909 sius
688 850 823 925 ingenio,
844 849 978 926 facilius,
1002 848 1080 929 quod

4 961 7 1014 f
69 931 158 992 reiici
175 947 259 1011 mam
274 930 352 1009 quod
365 931 452 992 adlici
467 933 577 1012 possit,
598 934 754 993 invenient.
784 932 879 993 illiert
892 943 987 993 autem
1004 947 1108 1001 snm-s

4 1079 6 1086 ,
68 1031 148 1076 mam
168 1015 212 1074 rei
234 1014 432 1076 difficultatem
454 1017 592 1095 primum,
615 1016 692 1096 quod
716 1016 866 1077 ridiculum
886 1016 993 1077 dictum
1014 1017 1078 1096 ple·

4 1125 5 1174 i
71 1113 197 1177 rumque
212 1098 317 1160 falsum
332 1107 394 1175 est,
410 1098 467 1160 hoc
482 1117 616 1178 semper,
637 1099 759 1170 bumile;
780 1117 872 1178 saepe
888 1119 926 1160 ex
940 1100 1079 1161 industria

4 1181 6 1196 '
74 1181 278 1262 depravatum,
295 1177 450 1261 praeterea
472 1201 615 1262 nunqnam
629 1183 834 1252 honorificum
856 1192 915 1243 tom
932 1186 1012 1244 varia
1026 1183 1078 1244 bo-

5 1275 6 1280 ’
71 1269 179 1327 minum
193 1266 299 1327 iudicia
314 1268 343 1327 in
360 1283 408 1344 eo,
424 1267 503 1346 quod
519 1283 576 1327 non
591 1269 703 1327 ratione
715 1268 812 1345 aliqua
828 1265 881 1326 sed
898 1274 977 1327 motu
993 1268 1078 1326 animi

72 1351 201 1430 quodam
218 1352 320 1411 nescio
335 1369 372 1411 an
390 1351 545 1412 enarrabili
559 1352 712 1412 iudicatur.
749 1349 853 1430 Neque
876 1352 951 1410 enim
965 1349 1001 1411 ab
1016 1350 1110 1420 ullor

3 1465 5 1470 ·
70 1436 146 1496 aat‘m
159 1433 301 1513 explicari
315 1443 397 1513 puto,
419 1435 490 1495 lieet
506 1435 587 1495 multi
601 1437 814 1514 temptaverint,
829 1435 905 1495 undo
923 1436 1011 1510 risus,
1030 1436 1079 1513 qni

69 1535 132 1580 non
147 1517 245 1578 solum
260 1518 338 1579 iacto
361 1519 458 1598 aliquo
480 1518 597 1579 dictove
613 1520 670 1580 sed
690 1516 832 1579 interdurn
854 1517 977 1597 quodam
992 1521 1079 1578 etiam

2 1603 4 1628 ³
71 1603 209 1682 corperis
232 1611 325 1662 tractu
347 1602 510 1664 lacessitum.
551 1599 707 1664 moseres
727 1620 785 1662 non
803 1619 859 1662 una
881 1601 995 1662 ratione
1015 1617 1078 1660 nao-

2 1693 3 1700 ’
72 1689 140 1745 sari
155 1685 252 1762 salet,
272 1703 367 1764 neque
392 1689 467 1746 enim
487 1695 573 1748 acute
593 1695 701 1746 tantum
715 1704 750 1747 ac
765 1694 890 1746 venuste
909 1684 963 1744 sed
978 1685 1079 1761 stulte,

2 1819 3 1828 ,
75 1770 222 1846 iracunde,
238 1769 336 1830 timide
351 1769 427 1831 dicta
439 1770 578 1830 antiaota
588 1770 733 1838 ridentum
747 1770 877 1848 ideoque
890 1786 999 1846 anceps
1016 1770 1078 1828 eius

2 1859 3 1874 ¹
69 1854 119 1914 rei
132 1855 205 1914 ratio
223 1862 285 1930 est,
309 1855 420 1935 quoda
441 1853 539 1914 derisu
560 1869 618 1913 non
641 1853 746 1932 procul
766 1852 850 1913 abest
866 1853 952 1910 risus.
980 1849 1110 1913 Habetis

69 1939 167 2015 enim,
189 1947 221 1997 nt
237 1933 343 1998 (licero
364 1936 447 2016 dicit,
466 1939 571 2000 aedom
587 1940 622 1999 in
637 1937 829 2016 deformitate
843 1936 950 2014 ottqoc
966 1942 995 1996 et
1014 1941 1079 1996 tor·

1 2069 2 2078 ,
66 2022 229 2102 pitadine,
253 2039 327 2100 quae
350 2037 413 2082 cum
432 2023 461 2081 in
480 2021 544 2082 aliis
559 2022 810 2098 demonstrantur,
829 2018 991 2088 achonitam
1014 2035 1078 2078 oum

69 2109 100 2166 in
114 2108 199 2185 ipsos
214 2105 346 2166 dicentes
361 2106 509 2182 recidunt,
525 2105 644 2166 stultitia
658 2114 789 2166 vocatur.

159 2186 231 2250 Gum
248 2190 380 2250 videatur
400 2197 494 2250 antem
514 2207 563 2250 res
589 2189 665 2250 lenis
687 2198 717 2249 et
741 2204 816 2268 quae
834 2187 870 2248 ab
886 2185 1005 2260 scurris,
1025 2185 1077 2244 mi·

1 2284 2 2354 }
69 2274 148 2346 mis,
173 2272 374 2352 insipientibus
402 2272 528 2352 deniquo
553 2289 647 2352 saepe
675 2280 840 2332 moveatur:
868 2280 963 2331 tamen
990 2266 1078 2328 babet

1 2360 2 2384 ³
69 2357 144 2416 vim
158 2359 258 2417 nascio
271 2373 310 2418 an
324 2358 599 2436 imperiosissimam,
617 2366 647 2417 et
658 2359 705 2417 oni
715 2355 872 2434 repugnari
882 2354 998 2413 minime
1012 2359 1078 2430 pct-

1 2435 2 2520 l
68 2447 129 2502 est.
160 2438 291 2520 Erampit
308 2443 392 2524 etiam
410 2441 514 2502 inritus
530 2458 639 2520 saepe,
659 2458 714 2501 nec
727 2439 823 2500 vultus
838 2436 926 2498 modo
941 2454 977 2496 ac
990 2437 1105 2498 rocis9

69 2525 209 2602 exprimit
233 2525 450 2585 confessionem
473 2524 526 2585 sed
551 2533 643 2585 totum
671 2541 779 2604 corpus
807 2525 837 2582 vi
858 2538 912 2581 sua
939 2520 1077 2580 concutit.

1 2681 2 2684 Ἴ
68 2608 182 2669 ilerum
209 2617 425 2688 autemsaepe
449 2608 495 2688 (ut
508 2608 584 2689 dixi)
605 2610 790 2670 maximarum
813 2613 958 2666 momenta
979 2603 1077 2677 partit,

1 2692 2 2754 ]
67 2701 104 2752 nt
127 2709 193 2752 cnm
211 2692 308 2752 odium
324 2694 455 2772 iramque
475 2693 711 2770 frequentissime
736 2691 860 2768 mangot.
895 2687 1122 2748 Documentolo

1 2780 3 2786 '
69 2785 139 2836 sant
158 2778 280 2836 iuuenes
303 2775 450 2837 Tarentini
457 2821 466 2852 ,
489 2777 537 2854 qni
560 2776 648 2837 mnlta
669 2775 705 2836 de
723 2793 799 2852 rege
814 2772 924 2850 Pyrrho
946 2771 1078 2830 securius

1 2873 2 2918 t
68 2861 148 2920 inter
170 2875 292 2921 caenam
313 2860 419 2938 locati,
442 2877 506 2921 cum
528 2862 669 2920 rationem
690 2859 758 2920 iacti
781 2863 1025 2934 reposcerentur,
1049 2861 1079 2912 et

1 2931 3 3008 ἶ
66 2959 170 3022 neque
185 2946 291 3024 negari
308 2961 356 3004 res
369 2961 468 3022 neque
490 2943 608 3004 delendi
624 2951 741 3023 posset:
764 2943 825 3001 risa
845 2949 911 3000 sunt
926 2947 956 2998 et
968 2953 1078 3016 oppor-

1 3062 4 3070 ν
65 3036 141 3088 tnno
163 3027 233 3089 ioco
256 3028 358 3111 elapsi.
395 3027 524 3108 Namque
537 3045 612 3087 nnus
627 3045 665 3088 ex
680 3029 732 3103 iis,
753 3023 866 3101 Immo,
887 3023 998 3101 inquit,
1020 3021 1080 3081 sisi

1 3148 4 3186 l
69 3112 81 3128 ’
125 3129 188 3176 anu
208 3113 388 3192 odecimo,
412 3113 632 3174 occidissemus
653 3120 699 3183 te,·
720 3127 815 3188 eaque
837 3108 998 3169 urbanitate
1017 3111 1079 3163 tota

1 3195 2 3198 ’
132 3195 242 3256 invidia
257 3198 382 3256 cristinus
398 3189 551 3256 dissoluta.

152 3278 267 3339 Verum
287 3280 361 3356 hoc,
385 3279 523 3359 quidquid
536 3288 596 3354 est,
618 3287 651 3337 ut
673 3294 731 3337 non
756 3277 845 3336 ausim
860 3275 960 3336 dicere
977 3278 1120 3333 carerell

136 3366 190 3425 ino
207 3371 288 3438 ants,
305 3365 372 3444 qnia
385 3363 553 3424 nonnullam
576 3361 809 3422 observationem
829 3357 934 3432 habet,
955 3362 1078 3432 suntque

136 3449 152 3490 i
172 3449 349 3527 pertinentia
373 3456 403 3508 ct
425 3465 442 3506 a
469 3446 589 3508 Graecis
612 3455 641 3507 et
662 3443 801 3505 abatinis
817 3439 978 3520 composita
992 3453 1078 3518 prae·

1 3521 4 3618 l
