<?xml version="1.0" encoding="UTF-8"?>
<!DOCTYPE html PUBLIC "-//W3C//DTD XHTML 1.0 Transitional//EN"
    "http://www.w3.org/TR/xhtml1/DTD/xhtml1-transitional.dtd">
<html xmlns="http://www.w3.org/1999/xhtml" xml:lang="en" lang="en">
 <head>
  <title>
</title>
<meta http-equiv="Content-Type" content="text/html;charset=utf-8" />
  <meta name='ocr-system' content='tesseract 3.04.00' />
  <meta name='ocr-capabilities' content='ocr_page ocr_carea ocr_par ocr_line ocrx_word'/>
</head>
<body>
  <div class='ocr_page' id='page_1' title='image "./mfabiiquintilia04quingoog_0229.png"; bbox 0 0 2508 3958; ppageno 0'>
   <div class='ocr_carea' id='block_1_1' title="bbox 161 163 826 230">
    <p class='ocr_par' dir='ltr' id='par_1_1' title="bbox 161 163 826 230">
     <span class='ocr_line' id='line_1_1' title="bbox 161 163 826 230; baseline -0.008 -15"><span class='ocrx_word' id='word_1_1' title='bbox 161 164 222 230; x_wconf 77' lang='lat'><strong>238</strong></span> <span class='ocrx_word' id='word_1_2' title='bbox 463 163 826 222; x_wconf 73' lang='lat' dir='ltr'><strong>tt.t¹AB.Qu1rtT11.1nrt1</strong></span> 
     </span>
    </p>
   </div>
   <div class='ocr_carea' id='block_1_2' title="bbox 160 317 1241 400">
    <p class='ocr_par' dir='ltr' id='par_1_2' title="bbox 160 317 1241 400">
     <span class='ocr_line' id='line_1_2' title="bbox 160 317 1241 400; baseline -0.008 -12"><span class='ocrx_word' id='word_1_3' title='bbox 160 324 272 400; x_wconf 89' lang='lat' dir='ltr'><strong>culatus</strong></span> <span class='ocrx_word' id='word_1_4' title='bbox 287 338 355 384; x_wconf 86' lang='lat' dir='ltr'><strong>rens</strong></span> <span class='ocrx_word' id='word_1_5' title='bbox 369 319 480 380; x_wconf 86' lang='lat' dir='ltr'><strong>Verres</strong></span> <span class='ocrx_word' id='word_1_6' title='bbox 498 318 613 382; x_wconf 87' lang='lat' dir='ltr'><strong>lcrtiter</strong></span> <span class='ocrx_word' id='word_1_7' title='bbox 628 326 658 378; x_wconf 87' lang='lat' dir='ltr'><strong>et</strong></span> <span class='ocrx_word' id='word_1_8' title='bbox 672 317 811 380; x_wconf 87' lang='lat' dir='ltr'><strong>industrie</strong></span> <span class='ocrx_word' id='word_1_9' title='bbox 827 318 914 379; x_wconf 89' lang='lat' dir='ltr'><strong>tuitus</strong></span> <span class='ocrx_word' id='word_1_10' title='bbox 931 329 1032 380; x_wconf 89' lang='lat' dir='ltr'><strong>contra</strong></span> <span class='ocrx_word' id='word_1_11' title='bbox 1047 321 1157 400; x_wconf 84' lang='lat' dir='ltr'><strong>piratae</strong></span> <span class='ocrx_word' id='word_1_12' title='bbox 1239 347 1241 352; x_wconf 34' lang='lat' dir='ltr'>v</span> 
     </span>
    </p>
   </div>
   <div class='ocr_carea' id='block_1_3' title="bbox 118 405 1242 906">
    <p class='ocr_par' dir='ltr' id='par_1_3' title="bbox 118 405 1242 906">
     <span class='ocr_line' id='line_1_3' title="bbox 160 405 416 470; baseline -0.035 0"><span class='ocrx_word' id='word_1_13' title='bbox 160 406 289 470; x_wconf 83' lang='lat' dir='ltr'><strong>Siciliam</strong></span> <span class='ocrx_word' id='word_1_14' title='bbox 303 405 416 467; x_wconf 89' lang='lat' dir='ltr'><strong>dicitur.</strong></span> 
     </span>
     <span class='ocr_line' id='line_1_4' title="bbox 118 486 1242 567; baseline -0.01 -15"><span class='ocrx_word' id='word_1_15' title='bbox 118 503 152 558; x_wconf 76' lang='lat'><strong>36</strong></span> <span class='ocrx_word' id='word_1_16' title='bbox 240 489 352 552; x_wconf 82' lang='lat' dir='ltr'><strong>Eadem</strong></span> <span class='ocrx_word' id='word_1_17' title='bbox 369 487 510 550; x_wconf 85' lang='lat' dir='ltr'><strong>adversus</strong></span> <span class='ocrx_word' id='word_1_18' title='bbox 536 486 859 550; x_wconf 67' lang='lat' dir='ltr'><strong>contradictiones</strong></span> <span class='ocrx_word' id='word_1_19' title='bbox 890 486 974 546; x_wconf 88' lang='lat' dir='ltr'><strong>nohis</strong></span> <span class='ocrx_word' id='word_1_20' title='bbox 1004 489 1157 567; x_wconf 90' lang='lat' dir='ltr'><strong>oppositas</strong></span> <span class='ocrx_word' id='word_1_21' title='bbox 1234 533 1242 541; x_wconf 81' lang='grc'><strong><em>,</em></strong></span> 
     </span>
     <span class='ocr_line' id='line_1_5' title="bbox 160 569 1158 655; baseline -0.003 -20"><span class='ocrx_word' id='word_1_22' title='bbox 160 582 318 655; x_wconf 85' lang='lat' dir='ltr'><strong>praecepta</strong></span> <span class='ocrx_word' id='word_1_23' title='bbox 340 580 423 648; x_wconf 89' lang='lat' dir='ltr'><strong>suut,</strong></span> <span class='ocrx_word' id='word_1_24' title='bbox 443 571 501 632; x_wconf 92' lang='lat' dir='ltr'><strong>hoc</strong></span> <span class='ocrx_word' id='word_1_25' title='bbox 521 579 617 631; x_wconf 89' lang='lat' dir='ltr'><strong>tamen</strong></span> <span class='ocrx_word' id='word_1_26' title='bbox 644 570 781 649; x_wconf 87' lang='lat' dir='ltr'><strong>amplius,</strong></span> <span class='ocrx_word' id='word_1_27' title='bbox 807 569 886 648; x_wconf 84' lang='lat' dir='ltr'><strong>quod</strong></span> <span class='ocrx_word' id='word_1_28' title='bbox 911 571 988 632; x_wconf 86' lang='lat' dir='ltr'><strong>cinca</strong></span> <span class='ocrx_word' id='word_1_29' title='bbox 1012 589 1062 631; x_wconf 89' lang='lat' dir='ltr'><strong>eas</strong></span> <span class='ocrx_word' id='word_1_30' title='bbox 1076 572 1158 633; x_wconf 88' lang='lat' dir='ltr'><strong>multi</strong></span> 
     </span>
     <span class='ocr_line' id='line_1_6' title="bbox 159 652 1159 733; baseline -0.005 -12"><span class='ocrx_word' id='word_1_31' title='bbox 159 657 272 722; x_wconf 87' lang='lat' dir='ltr'><strong>duobus</strong></span> <span class='ocrx_word' id='word_1_32' title='bbox 294 656 371 719; x_wconf 78' lang='lat' dir='ltr'><strong>vitiis</strong></span> <span class='ocrx_word' id='word_1_33' title='bbox 392 655 515 718; x_wconf 88' lang='lat' dir='ltr'><strong>diversis</strong></span> <span class='ocrx_word' id='word_1_34' title='bbox 536 654 679 724; x_wconf 87' lang='lat' dir='ltr'><strong>laborant.</strong></span> <span class='ocrx_word' id='word_1_35' title='bbox 720 652 793 714; x_wconf 87' lang='lat' dir='ltr'><strong>Nam</strong></span> <span class='ocrx_word' id='word_1_36' title='bbox 810 653 929 733; x_wconf 83' lang='lat' dir='ltr'><strong>quidam¹</strong></span> <span class='ocrx_word' id='word_1_37' title='bbox 944 655 1031 716; x_wconf 87' lang='lat' dir='ltr'><strong>etiam</strong></span> <span class='ocrx_word' id='word_1_38' title='bbox 1046 657 1076 715; x_wconf 91' lang='lat' dir='ltr'><strong>in</strong></span> <span class='ocrx_word' id='word_1_39' title='bbox 1090 655 1159 716; x_wconf 86' lang='lat' dir='ltr'><strong>loro</strong></span> 
     </span>
     <span class='ocr_line' id='line_1_7' title="bbox 158 739 1158 821; baseline -0.004 -18"><span class='ocrx_word' id='word_1_40' title='bbox 158 752 293 821; x_wconf 84' lang='lat' dir='ltr'><strong>tanquam</strong></span> <span class='ocrx_word' id='word_1_41' title='bbox 307 758 369 803; x_wconf 88' lang='lat' dir='ltr'><strong>rem</strong></span> <span class='ocrx_word' id='word_1_42' title='bbox 384 739 537 800; x_wconf 77' lang='lat' dir='ltr'><strong>molestam</strong></span> <span class='ocrx_word' id='word_1_43' title='bbox 562 748 592 799; x_wconf 92' lang='lat' dir='ltr'><strong>et</strong></span> <span class='ocrx_word' id='word_1_44' title='bbox 613 739 743 802; x_wconf 80' lang='lat' dir='ltr'><strong>odiosam</strong></span> <span class='ocrx_word' id='word_1_45' title='bbox 760 745 963 817; x_wconf 87' lang='lat' dir='ltr'><strong>praetereunt,</strong></span> <span class='ocrx_word' id='word_1_46' title='bbox 985 746 1014 798; x_wconf 89' lang='lat' dir='ltr'><strong>et</strong></span> <span class='ocrx_word' id='word_1_47' title='bbox 1035 739 1071 800; x_wconf 92' lang='lat' dir='ltr'><strong>iis</strong></span> <span class='ocrx_word' id='word_1_48' title='bbox 1094 739 1158 819; x_wconf 86' lang='lat' dir='ltr'><strong>ple-</strong></span> 
     </span>
     <span class='ocr_line' id='line_1_8' title="bbox 159 821 1158 906; baseline -0.004 -17"><span class='ocrx_word' id='word_1_49' title='bbox 159 843 290 906; x_wconf 84' lang='lat' dir='ltr'><strong>rumque,</strong></span> <span class='ocrx_word' id='word_1_50' title='bbox 307 842 381 906; x_wconf 82' lang='lat' dir='ltr'><strong>quae</strong></span> <span class='ocrx_word' id='word_1_51' title='bbox 397 824 558 903; x_wconf 89' lang='lat' dir='ltr'><strong>composita</strong></span> <span class='ocrx_word' id='word_1_52' title='bbox 576 824 662 886; x_wconf 88' lang='lat' dir='ltr'><strong>domo</strong></span> <span class='ocrx_word' id='word_1_53' title='bbox 679 821 853 897; x_wconf 85' lang='lat' dir='ltr'><strong>attulerunt,</strong></span> <span class='ocrx_word' id='word_1_54' title='bbox 876 823 1003 884; x_wconf 86' lang='lat' dir='ltr'><strong>contenti</strong></span> <span class='ocrx_word' id='word_1_55' title='bbox 1023 823 1085 883; x_wconf 85' lang='lat' dir='ltr'><strong>sine</strong></span> <span class='ocrx_word' id='word_1_56' title='bbox 1108 824 1158 885; x_wconf 84' lang='lat' dir='ltr'><strong>ad·</strong></span> 
     </span>
    </p>
   </div>
   <div class='ocr_carea' id='block_1_4' title="bbox 158 906 1243 985">
    <p class='ocr_par' dir='ltr' id='par_1_4' title="bbox 158 906 1243 985">
     <span class='ocr_line' id='line_1_9' title="bbox 158 906 1243 985; baseline -0.006 -13"><span class='ocrx_word' id='word_1_57' title='bbox 158 912 290 972; x_wconf 88' lang='lat' dir='ltr'><strong>versario</strong></span> <span class='ocrx_word' id='word_1_58' title='bbox 306 910 418 977; x_wconf 89' lang='lat' dir='ltr'><strong>dicunt;</strong></span> <span class='ocrx_word' id='word_1_59' title='bbox 436 916 466 968; x_wconf 90' lang='lat' dir='ltr'><strong>et</strong></span> <span class='ocrx_word' id='word_1_60' title='bbox 480 907 595 968; x_wconf 89' lang='lat' dir='ltr'><strong>scilicet</strong></span> <span class='ocrx_word' id='word_1_61' title='bbox 614 906 810 984; x_wconf 76' lang='lat' dir='ltr'><strong>multomagis</strong></span> <span class='ocrx_word' id='word_1_62' title='bbox 827 906 855 966; x_wconf 89' lang='lat' dir='ltr'><strong>in</strong></span> <span class='ocrx_word' id='word_1_63' title='bbox 872 906 994 983; x_wconf 91' lang='lat' dir='ltr'><strong>scholis,</strong></span> <span class='ocrx_word' id='word_1_64' title='bbox 1010 907 1159 985; x_wconf 83' lang='lat' dir='ltr'><strong>inquibus</strong></span> <span class='ocrx_word' id='word_1_65' title='bbox 1242 923 1243 926; x_wconf 45' lang='lat'>¹</span> 
     </span>
    </p>
   </div>
   <div class='ocr_carea' id='block_1_5' title="bbox 47 991 1243 2412">
    <p class='ocr_par' dir='ltr' id='par_1_5' title="bbox 47 991 1243 2412">
     <span class='ocr_line' id='line_1_10' title="bbox 158 991 1159 1064; baseline -0.002 -10"><span class='ocrx_word' id='word_1_66' title='bbox 158 1011 217 1054; x_wconf 92' lang='lat' dir='ltr'><strong>non</strong></span> <span class='ocrx_word' id='word_1_67' title='bbox 233 994 327 1055; x_wconf 90' lang='lat' dir='ltr'><strong>solum</strong></span> <span class='ocrx_word' id='word_1_68' title='bbox 344 991 588 1052; x_wconf 88' lang='lat' dir='ltr'><strong>contradictiones</strong></span> <span class='ocrx_word' id='word_1_69' title='bbox 603 992 785 1064; x_wconf 84' lang='lat' dir='ltr'><strong>omittuntur,</strong></span> <span class='ocrx_word' id='word_1_70' title='bbox 801 991 1003 1052; x_wconf 87' lang='lat' dir='ltr'><strong>verumetiam</strong></span> <span class='ocrx_word' id='word_1_71' title='bbox 1019 993 1159 1052; x_wconf 83' lang='lat' dir='ltr'><strong>materiae</strong></span> 
     </span>
     <span class='ocr_line' id='line_1_11' title="bbox 158 1073 1158 1157; baseline -0.002 -19"><span class='ocrx_word' id='word_1_72' title='bbox 158 1079 241 1157; x_wconf 86' lang='lat' dir='ltr'><strong>ipsae</strong></span> <span class='ocrx_word' id='word_1_73' title='bbox 256 1079 299 1138; x_wconf 90' lang='lat' dir='ltr'><strong>sic</strong></span> <span class='ocrx_word' id='word_1_74' title='bbox 315 1076 487 1156; x_wconf 78' lang='lat' dir='ltr'><strong>plerumque</strong></span> <span class='ocrx_word' id='word_1_75' title='bbox 503 1074 665 1152; x_wconf 78' lang='lat' dir='ltr'><strong>tinguuntur,</strong></span> <span class='ocrx_word' id='word_1_76' title='bbox 681 1083 712 1133; x_wconf 93' lang='lat' dir='ltr'><strong>ut</strong></span> <span class='ocrx_word' id='word_1_77' title='bbox 726 1073 797 1135; x_wconf 89' lang='lat' dir='ltr'><strong>nihil</strong></span> <span class='ocrx_word' id='word_1_78' title='bbox 813 1074 871 1138; x_wconf 87' lang='lat' dir='ltr'><strong>dici</strong></span> <span class='ocrx_word' id='word_1_79' title='bbox 888 1091 943 1153; x_wconf 91' lang='lat' dir='ltr'><strong>pru</strong></span> <span class='ocrx_word' id='word_1_80' title='bbox 965 1083 1049 1154; x_wconf 88' lang='lat' dir='ltr'><strong>purte</strong></span> <span class='ocrx_word' id='word_1_81' title='bbox 1065 1075 1158 1136; x_wconf 85' lang='lat' dir='ltr'><strong>altera</strong></span> 
     </span>
     <span class='ocr_line' id='line_1_12' title="bbox 117 1157 1159 1242; baseline -0.005 -17"><span class='ocrx_word' id='word_1_82' title='bbox 117 1161 262 1242; x_wconf 70' lang='lat' dir='ltr'><strong>dipossit.</strong></span> <span class='ocrx_word' id='word_1_83' title='bbox 305 1159 365 1222; x_wconf 79' lang='lat' dir='ltr'><strong>Alii</strong></span> <span class='ocrx_word' id='word_1_84' title='bbox 390 1159 539 1238; x_wconf 76' lang='lat' dir='ltr'><strong>diligentia</strong></span> <span class='ocrx_word' id='word_1_85' title='bbox 564 1159 640 1238; x_wconf 88' lang='lat' dir='ltr'><strong>lapsi</strong></span> <span class='ocrx_word' id='word_1_86' title='bbox 662 1157 761 1220; x_wconf 83' lang='lat' dir='ltr'><strong>verbis</strong></span> <span class='ocrx_word' id='word_1_87' title='bbox 788 1159 873 1219; x_wconf 86' lang='lat' dir='ltr'><strong>etiam</strong></span> <span class='ocrx_word' id='word_1_88' title='bbox 899 1158 950 1218; x_wconf 87' lang='lat' dir='ltr'><strong>vel</strong></span> <span class='ocrx_word' id='word_1_89' title='bbox 975 1158 1159 1220; x_wconf 87' lang='lat' dir='ltr'><strong>sententiolis</strong></span> 
     </span>
     <span class='ocr_line' id='line_1_13' title="bbox 47 1242 1158 1323; baseline -0.004 -16"><span class='ocrx_word' id='word_1_90' title='bbox 47 1249 49 1254; x_wconf 86' lang='lat'>&#39;</span> <span class='ocrx_word' id='word_1_91' title='bbox 160 1245 291 1308; x_wconf 88' lang='lat' dir='ltr'><strong>omnihus</strong></span> <span class='ocrx_word' id='word_1_92' title='bbox 313 1243 546 1323; x_wconf 86' lang='lat' dir='ltr'><strong>respondendum</strong></span> <span class='ocrx_word' id='word_1_93' title='bbox 568 1251 684 1322; x_wconf 80' lang='lat' dir='ltr'><strong>putent,</strong></span> <span class='ocrx_word' id='word_1_94' title='bbox 705 1242 784 1322; x_wconf 84' lang='lat' dir='ltr'><strong>quod</strong></span> <span class='ocrx_word' id='word_1_95' title='bbox 806 1250 851 1306; x_wconf 88' lang='lat' dir='ltr'><strong>est</strong></span> <span class='ocrx_word' id='word_1_96' title='bbox 867 1251 898 1304; x_wconf 89' lang='lat' dir='ltr'><strong>et</strong></span> <span class='ocrx_word' id='word_1_97' title='bbox 909 1242 1049 1304; x_wconf 83' lang='lat' dir='ltr'><strong>inlinitum</strong></span> <span class='ocrx_word' id='word_1_98' title='bbox 1066 1251 1096 1303; x_wconf 89' lang='lat' dir='ltr'><strong>et</strong></span> <span class='ocrx_word' id='word_1_99' title='bbox 1110 1261 1158 1304; x_wconf 91' lang='lat' dir='ltr'><strong>su·</strong></span> 
     </span>
     <span class='ocr_line' id='line_1_14' title="bbox 159 1325 1243 1409; baseline -0.002 -19"><span class='ocrx_word' id='word_1_100' title='bbox 159 1347 350 1409; x_wconf 64' lang='lat' dir='ltr'><strong>pervacuum</strong></span> <span class='ocrx_word' id='word_1_101' title='bbox 374 1345 431 1390; x_wconf 91' lang='lat' dir='ltr'><strong>non</strong></span> <span class='ocrx_word' id='word_1_102' title='bbox 453 1329 527 1388; x_wconf 88' lang='lat' dir='ltr'><strong>enim</strong></span> <span class='ocrx_word' id='word_1_103' title='bbox 547 1346 633 1390; x_wconf 90' lang='lat' dir='ltr'><strong>causa</strong></span> <span class='ocrx_word' id='word_1_104' title='bbox 648 1325 875 1406; x_wconf 87' lang='lat' dir='ltr'><strong>reprehenditur</strong></span> <span class='ocrx_word' id='word_1_105' title='bbox 887 1327 941 1388; x_wconf 88' lang='lat' dir='ltr'><strong>sed</strong></span> <span class='ocrx_word' id='word_1_106' title='bbox 957 1336 1050 1403; x_wconf 90' lang='lat' dir='ltr'><strong>actor,</strong></span> <span class='ocrx_word' id='word_1_107' title='bbox 1073 1345 1160 1405; x_wconf 81' lang='lat' dir='ltr'><strong>quem</strong></span> <span class='ocrx_word' id='word_1_108' title='bbox 1242 1325 1243 1354; x_wconf 74' lang='lat'><em>³</em></span> 
     </span>
     <span class='ocr_line' id='line_1_15' title="bbox 160 1409 1160 1492; baseline -0.005 -16"><span class='ocrx_word' id='word_1_109' title='bbox 160 1430 218 1492; x_wconf 76' lang='lat' dir='ltr'><strong>ego</strong></span> <span class='ocrx_word' id='word_1_110' title='bbox 239 1429 357 1491; x_wconf 87' lang='lat' dir='ltr'><strong>semper</strong></span> <span class='ocrx_word' id='word_1_111' title='bbox 375 1411 467 1472; x_wconf 87' lang='lat' dir='ltr'><strong>videri</strong></span> <span class='ocrx_word' id='word_1_112' title='bbox 488 1410 584 1472; x_wconf 90' lang='lat' dir='ltr'><strong>malim</strong></span> <span class='ocrx_word' id='word_1_113' title='bbox 601 1410 759 1487; x_wconf 80' lang='lat' dir='ltr'><strong>disertum,</strong></span> <span class='ocrx_word' id='word_1_114' title='bbox 780 1419 829 1487; x_wconf 90' lang='lat' dir='ltr'><strong>ut,</strong></span> <span class='ocrx_word' id='word_1_115' title='bbox 851 1412 876 1470; x_wconf 91' lang='lat' dir='ltr'><strong>si</strong></span> <span class='ocrx_word' id='word_1_116' title='bbox 897 1409 1001 1472; x_wconf 75' lang='lat' dir='ltr'><strong>dixerit</strong></span> <span class='ocrx_word' id='word_1_117' title='bbox 1021 1411 1100 1490; x_wconf 79' lang='lat' dir='ltr'><strong>quod</strong></span> <span class='ocrx_word' id='word_1_118' title='bbox 1115 1413 1160 1472; x_wconf 88' lang='lat' dir='ltr'><strong>rei</strong></span> 
     </span>
     <span class='ocr_line' id='line_1_16' title="bbox 159 1494 1159 1576; baseline -0.004 -16"><span class='ocrx_word' id='word_1_119' title='bbox 159 1497 269 1576; x_wconf 79' lang='lat' dir='ltr'><strong>prosit,</strong></span> <span class='ocrx_word' id='word_1_120' title='bbox 288 1496 397 1573; x_wconf 76' lang='lat' dir='ltr'><strong>ingenii</strong></span> <span class='ocrx_word' id='word_1_121' title='bbox 412 1494 546 1556; x_wconf 84' lang='lat' dir='ltr'><strong>credatur</strong></span> <span class='ocrx_word' id='word_1_122' title='bbox 563 1494 625 1556; x_wconf 90' lang='lat' dir='ltr'><strong>laus</strong></span> <span class='ocrx_word' id='word_1_123' title='bbox 641 1511 782 1556; x_wconf 75' lang='lat' dir='ltr'><strong>smenon</strong></span> <span class='ocrx_word' id='word_1_124' title='bbox 799 1511 921 1563; x_wconf 60' lang='lat' dir='ltr'><strong>causam</strong></span> <span class='ocrx_word' id='word_1_125' title='bbox 943 1495 969 1555; x_wconf 87' lang='lat' dir='ltr'><strong>si</strong></span> <span class='ocrx_word' id='word_1_126' title='bbox 987 1495 1064 1556; x_wconf 87' lang='lat' dir='ltr'><strong>iorte</strong></span> <span class='ocrx_word' id='word_1_127' title='bbox 1080 1495 1159 1574; x_wconf 85' lang='lat' dir='ltr'><strong>qnod</strong></span> 
     </span>
     <span class='ocr_line' id='line_1_17' title="bbox 118 1577 1160 1657; baseline -0.004 -14"><span class='ocrx_word' id='word_1_128' title='bbox 118 1581 267 1655; x_wconf 75' lang='lat' dir='ltr'><strong>eslcetot,</strong></span> <span class='ocrx_word' id='word_1_129' title='bbox 284 1595 390 1640; x_wconf 89' lang='lat' dir='ltr'><strong>causae</strong></span> <span class='ocrx_word' id='word_1_130' title='bbox 405 1578 580 1654; x_wconf 83' lang='lat' dir='ltr'><strong>noningenii</strong></span> <span class='ocrx_word' id='word_1_131' title='bbox 593 1577 688 1657; x_wconf 87' lang='lat' dir='ltr'><strong>culpa.</strong></span> <span class='ocrx_word' id='word_1_132' title='bbox 717 1577 900 1656; x_wconf 84' lang='lat' dir='ltr'><strong>ltaqueillae</strong></span> <span class='ocrx_word' id='word_1_133' title='bbox 912 1579 1160 1657; x_wconf 78' lang='lat' dir='ltr'><strong>reprehensiones</strong></span> 
     </span>
     <span class='ocr_line' id='line_1_18' title="bbox 160 1661 1159 1740; baseline -0.002 -16"><span class='ocrx_word' id='word_1_134' title='bbox 160 1673 209 1725; x_wconf 91' lang='lat' dir='ltr'><strong>aut</strong></span> <span class='ocrx_word' id='word_1_135' title='bbox 224 1663 426 1739; x_wconf 86' lang='lat' dir='ltr'><strong>obscuritatis,</strong></span> <span class='ocrx_word' id='word_1_136' title='bbox 447 1662 540 1740; x_wconf 86' lang='lat' dir='ltr'><strong>qualis</strong></span> <span class='ocrx_word' id='word_1_137' title='bbox 564 1664 593 1724; x_wconf 94' lang='lat' dir='ltr'><strong>iu</strong></span> <span class='ocrx_word' id='word_1_138' title='bbox 615 1661 731 1724; x_wconf 87' lang='lat' dir='ltr'><strong>Rullum</strong></span> <span class='ocrx_word' id='word_1_139' title='bbox 749 1670 809 1738; x_wconf 89' lang='lat' dir='ltr'><strong>est,</strong></span> <span class='ocrx_word' id='word_1_140' title='bbox 836 1671 884 1724; x_wconf 89' lang='lat' dir='ltr'><strong>aut</strong></span> <span class='ocrx_word' id='word_1_141' title='bbox 904 1662 1040 1724; x_wconf 78' lang='lat' dir='ltr'><strong>infantiae</strong></span> <span class='ocrx_word' id='word_1_142' title='bbox 1062 1665 1091 1724; x_wconf 89' lang='lat' dir='ltr'><strong>in</strong></span> <span class='ocrx_word' id='word_1_143' title='bbox 1118 1663 1159 1724; x_wconf 93' lang='lat' dir='ltr'><strong>di·</strong></span> 
     </span>
     <span class='ocr_line' id='line_1_19' title="bbox 160 1745 1159 1826; baseline -0.003 -16"><span class='ocrx_word' id='word_1_144' title='bbox 160 1747 264 1824; x_wconf 91' lang='lat' dir='ltr'><strong>cendo,</strong></span> <span class='ocrx_word' id='word_1_145' title='bbox 281 1746 374 1825; x_wconf 87' lang='lat' dir='ltr'><strong>qualis</strong></span> <span class='ocrx_word' id='word_1_146' title='bbox 392 1747 421 1806; x_wconf 95' lang='lat' dir='ltr'><strong>in</strong></span> <span class='ocrx_word' id='word_1_147' title='bbox 436 1745 585 1822; x_wconf 82' lang='lat' dir='ltr'><strong>Pisonem,</strong></span> <span class='ocrx_word' id='word_1_148' title='bbox 608 1755 656 1810; x_wconf 88' lang='lat' dir='ltr'><strong>aut</strong></span> <span class='ocrx_word' id='word_1_149' title='bbox 679 1747 811 1808; x_wconf 79' lang='lat' dir='ltr'><strong>inscitiae</strong></span> <span class='ocrx_word' id='word_1_150' title='bbox 831 1765 927 1808; x_wconf 85' lang='lat' dir='ltr'><strong>rerum</strong></span> <span class='ocrx_word' id='word_1_151' title='bbox 943 1746 1159 1826; x_wconf 81' lang='lat' dir='ltr'><strong>verborumque</strong></span> 
     </span>
     <span class='ocr_line' id='line_1_20' title="bbox 161 1829 1161 1910; baseline -0.002 -18"><span class='ocrx_word' id='word_1_152' title='bbox 161 1841 190 1897; x_wconf 88' lang='lat' dir='ltr'><strong>et</strong></span> <span class='ocrx_word' id='word_1_153' title='bbox 205 1831 374 1892; x_wconf 85' lang='lat' dir='ltr'><strong>insulsitatis</strong></span> <span class='ocrx_word' id='word_1_154' title='bbox 397 1831 500 1906; x_wconf 86' lang='lat' dir='ltr'><strong>eriam,</strong></span> <span class='ocrx_word' id='word_1_155' title='bbox 527 1830 620 1910; x_wconf 83' lang='lat' dir='ltr'><strong>qualis</strong></span> <span class='ocrx_word' id='word_1_156' title='bbox 637 1832 667 1892; x_wconf 92' lang='lat' dir='ltr'><strong>in</strong></span> <span class='ocrx_word' id='word_1_157' title='bbox 680 1829 837 1892; x_wconf 80' lang='lat' dir='ltr'><strong>Antonium</strong></span> <span class='ocrx_word' id='word_1_158' title='bbox 853 1838 915 1907; x_wconf 88' lang='lat' dir='ltr'><strong>est,</strong></span> <span class='ocrx_word' id='word_1_159' title='bbox 940 1833 1033 1893; x_wconf 87' lang='lat' dir='ltr'><strong>animo</strong></span> <span class='ocrx_word' id='word_1_160' title='bbox 1057 1831 1161 1893; x_wconf 84' lang='lat' dir='ltr'><strong>dantur</strong></span> 
     </span>
     <span class='ocr_line' id='line_1_21' title="bbox 160 1913 1160 1994; baseline -0.006 -15"><span class='ocrx_word' id='word_1_161' title='bbox 160 1925 208 1979; x_wconf 88' lang='lat' dir='ltr'><strong>aut</strong></span> <span class='ocrx_word' id='word_1_162' title='bbox 221 1916 303 1978; x_wconf 89' lang='lat' dir='ltr'><strong>iustis</strong></span> <span class='ocrx_word' id='word_1_163' title='bbox 319 1915 405 1992; x_wconf 86' lang='lat' dir='ltr'><strong>odiis,</strong></span> <span class='ocrx_word' id='word_1_164' title='bbox 424 1923 549 1993; x_wconf 82' lang='lat' dir='ltr'><strong>suntque</strong></span> <span class='ocrx_word' id='word_1_165' title='bbox 563 1914 651 1976; x_wconf 88' lang='lat' dir='ltr'><strong>utiles</strong></span> <span class='ocrx_word' id='word_1_166' title='bbox 670 1914 706 1976; x_wconf 89' lang='lat' dir='ltr'><strong>ad</strong></span> <span class='ocrx_word' id='word_1_167' title='bbox 723 1913 934 1976; x_wconf 90' lang='lat' dir='ltr'><strong>conciliandum</strong></span> <span class='ocrx_word' id='word_1_168' title='bbox 948 1916 1001 1991; x_wconf 86' lang='lat' dir='ltr'><strong>iis,</strong></span> <span class='ocrx_word' id='word_1_169' title='bbox 1025 1931 1100 1994; x_wconf 84' lang='lat' dir='ltr'><strong>qnos</strong></span> <span class='ocrx_word' id='word_1_170' title='bbox 1118 1915 1160 1974; x_wconf 93' lang='lat' dir='ltr'><strong>in-</strong></span> 
     </span>
     <span class='ocr_line' id='line_1_22' title="bbox 118 1996 1161 2079; baseline -0.002 -19"><span class='ocrx_word' id='word_1_171' title='bbox 118 2002 239 2060; x_wconf 72' lang='lat' dir='ltr'><strong>accisos</strong></span> <span class='ocrx_word' id='word_1_172' title='bbox 259 1999 360 2060; x_wconf 88' lang='lat' dir='ltr'><strong>iacere</strong></span> <span class='ocrx_word' id='word_1_173' title='bbox 390 1998 537 2074; x_wconf 85' lang='lat' dir='ltr'><strong>volueris,</strong></span> <span class='ocrx_word' id='word_1_174' title='bbox 565 1998 670 2061; x_wconf 86' lang='lat' dir='ltr'><strong>odium.</strong></span> <span class='ocrx_word' id='word_1_175' title='bbox 715 1996 783 2058; x_wconf 80' lang='lat' dir='ltr'><strong>Alia</strong></span> <span class='ocrx_word' id='word_1_176' title='bbox 808 1998 1003 2078; x_wconf 85' lang='lat' dir='ltr'><strong>respondendi</strong></span> <span class='ocrx_word' id='word_1_177' title='bbox 1028 1998 1161 2079; x_wconf 86' lang='lat' dir='ltr'><strong>patronis</strong></span> 
     </span>
     <span class='ocr_line' id='line_1_23' title="bbox 159 2080 1161 2160; baseline 0.002 -16"><span class='ocrx_word' id='word_1_178' title='bbox 159 2084 251 2152; x_wconf 88' lang='lat' dir='ltr'><strong>ratic;</strong></span> <span class='ocrx_word' id='word_1_179' title='bbox 275 2091 304 2142; x_wconf 91' lang='lat' dir='ltr'><strong>et</strong></span> <span class='ocrx_word' id='word_1_180' title='bbox 329 2081 482 2160; x_wconf 81' lang='lat' dir='ltr'><strong>aliquando</strong></span> <span class='ocrx_word' id='word_1_181' title='bbox 503 2091 598 2144; x_wconf 85' lang='lat' dir='ltr'><strong>tamen</strong></span> <span class='ocrx_word' id='word_1_182' title='bbox 622 2097 722 2146; x_wconf 87' lang='lat' dir='ltr'><strong>eorum</strong></span> <span class='ocrx_word' id='word_1_183' title='bbox 742 2092 801 2146; x_wconf 89' lang='lat' dir='ltr'><strong>non</strong></span> <span class='ocrx_word' id='word_1_184' title='bbox 820 2080 1015 2144; x_wconf 82' lang='lat' dir='ltr'><strong>oratiomodo</strong></span> <span class='ocrx_word' id='word_1_185' title='bbox 1033 2082 1087 2146; x_wconf 91' lang='lat' dir='ltr'><strong>sed</strong></span> <span class='ocrx_word' id='word_1_186' title='bbox 1101 2084 1161 2146; x_wconf 83' lang='lat' dir='ltr'><strong>rito</strong></span> 
     </span>
     <span class='ocr_line' id='line_1_24' title="bbox 161 2165 1160 2244; baseline -0.001 -17"><span class='ocrx_word' id='word_1_187' title='bbox 161 2169 256 2241; x_wconf 91' lang='lat' dir='ltr'><strong>etiam,</strong></span> <span class='ocrx_word' id='word_1_188' title='bbox 272 2165 370 2228; x_wconf 86' lang='lat' dir='ltr'><strong>vultus</strong></span> <span class='ocrx_word' id='word_1_189' title='bbox 382 2165 519 2244; x_wconf 85' lang='lat' dir='ltr'><strong>denique,</strong></span> <span class='ocrx_word' id='word_1_190' title='bbox 536 2168 681 2243; x_wconf 87' lang='lat' dir='ltr'><strong>incessus,</strong></span> <span class='ocrx_word' id='word_1_191' title='bbox 698 2165 812 2229; x_wconf 86' lang='lat' dir='ltr'><strong>habitus</strong></span> <span class='ocrx_word' id='word_1_192' title='bbox 822 2175 906 2228; x_wconf 87' lang='lat' dir='ltr'><strong>recte</strong></span> <span class='ocrx_word' id='word_1_193' title='bbox 922 2167 1048 2228; x_wconf 88' lang='lat' dir='ltr'><strong>incusari</strong></span> <span class='ocrx_word' id='word_1_194' title='bbox 1064 2167 1160 2235; x_wconf 73' lang='lat' dir='ltr'><strong>solet:</strong></span> 
     </span>
     <span class='ocr_line' id='line_1_25' title="bbox 159 2247 1161 2328; baseline -0.001 -17"><span class='ocrx_word' id='word_1_195' title='bbox 159 2258 190 2311; x_wconf 90' lang='lat' dir='ltr'><strong>ut</strong></span> <span class='ocrx_word' id='word_1_196' title='bbox 218 2250 358 2312; x_wconf 84' lang='lat' dir='ltr'><strong>adversus</strong></span> <span class='ocrx_word' id='word_1_197' title='bbox 384 2249 529 2324; x_wconf 85' lang='lat' dir='ltr'><strong>Quintium</strong></span> <span class='ocrx_word' id='word_1_198' title='bbox 556 2247 661 2314; x_wconf 82' lang='lat' dir='ltr'><strong>Cicero</strong></span> <span class='ocrx_word' id='word_1_199' title='bbox 690 2267 748 2311; x_wconf 91' lang='lat' dir='ltr'><strong>non</strong></span> <span class='ocrx_word' id='word_1_200' title='bbox 774 2249 851 2314; x_wconf 83' lang='lat' dir='ltr'><strong>haec</strong></span> <span class='ocrx_word' id='word_1_201' title='bbox 875 2250 970 2313; x_wconf 86' lang='lat' dir='ltr'><strong>solum</strong></span> <span class='ocrx_word' id='word_1_202' title='bbox 988 2250 1043 2316; x_wconf 82' lang='lat' dir='ltr'><strong>sed</strong></span> <span class='ocrx_word' id='word_1_203' title='bbox 1067 2252 1161 2328; x_wconf 85' lang='lat' dir='ltr'><strong>ipsam</strong></span> 
     </span>
     <span class='ocr_line' id='line_1_26' title="bbox 160 2333 1161 2412; baseline 0.003 -19"><span class='ocrx_word' id='word_1_204' title='bbox 160 2335 246 2394; x_wconf 88' lang='lat' dir='ltr'><strong>etiam</strong></span> <span class='ocrx_word' id='word_1_205' title='bbox 267 2343 448 2412; x_wconf 85' lang='lat' dir='ltr'><strong>praetextam</strong></span> <span class='ocrx_word' id='word_1_206' title='bbox 469 2333 625 2398; x_wconf 85' lang='lat' dir='ltr'><strong>demissam</strong></span> <span class='ocrx_word' id='word_1_207' title='bbox 645 2334 681 2396; x_wconf 89' lang='lat' dir='ltr'><strong>ad</strong></span> <span class='ocrx_word' id='word_1_208' title='bbox 700 2333 776 2395; x_wconf 86' lang='lat' dir='ltr'><strong>talos</strong></span> <span class='ocrx_word' id='word_1_209' title='bbox 794 2335 953 2396; x_wconf 87' lang='lat' dir='ltr'><strong>insectatus</strong></span> <span class='ocrx_word' id='word_1_210' title='bbox 978 2343 1032 2395; x_wconf 83' lang='lat' dir='ltr'><strong>est</strong></span> <span class='ocrx_word' id='word_1_211' title='bbox 1074 2333 1161 2396; x_wconf 88' lang='lat' dir='ltr'><strong>Pres-</strong></span> 
     </span>
    </p>
   </div>
   <div class='ocr_carea' id='block_1_6' title="bbox 10 2415 1160 2494">
    <p class='ocr_par' dir='ltr' id='par_1_6' title="bbox 10 2415 1160 2494">
     <span class='ocr_line' id='line_1_27' title="bbox 10 2415 1160 2494; baseline 0.004 -21"><span class='ocrx_word' id='word_1_212' title='bbox 10 2459 12 2464; x_wconf 87' lang='lat'><em>.</em></span> <span class='ocrx_word' id='word_1_213' title='bbox 87 2417 331 2493; x_wconf 55' lang='lat' dir='ltr'><strong>-etuperatenim</strong></span> <span class='ocrx_word' id='word_1_214' title='bbox 348 2415 520 2494; x_wconf 84' lang='lat' dir='ltr'><strong>turbulentis</strong></span> <span class='ocrx_word' id='word_1_215' title='bbox 537 2417 719 2492; x_wconf 72' lang='lat' dir='ltr'><strong>contionibus</strong></span> <span class='ocrx_word' id='word_1_216' title='bbox 731 2415 893 2481; x_wconf 82' lang='lat' dir='ltr'><strong>Cluentium</strong></span> <span class='ocrx_word' id='word_1_217' title='bbox 907 2417 1049 2492; x_wconf 79' lang='lat' dir='ltr'><strong>Quintius.</strong></span> <span class='ocrx_word' id='word_1_218' title='bbox 1080 2415 1160 2480; x_wconf 87' lang='lat' dir='ltr'><strong>Non·</strong></span> 
     </span>
    </p>
   </div>
   <div class='ocr_carea' id='block_1_7' title="bbox 117 2498 1162 3506">
    <p class='ocr_par' dir='ltr' id='par_1_7' title="bbox 157 2498 1161 2918">
     <span class='ocr_line' id='line_1_28' title="bbox 158 2498 1161 2581; baseline 0.006 -23"><span class='ocrx_word' id='word_1_219' title='bbox 158 2517 301 2578; x_wconf 87' lang='lat' dir='ltr'><strong>nunquam</strong></span> <span class='ocrx_word' id='word_1_220' title='bbox 315 2498 475 2562; x_wconf 85' lang='lat' dir='ltr'><strong>elevandae</strong></span> <span class='ocrx_word' id='word_1_221' title='bbox 492 2500 617 2562; x_wconf 89' lang='lat' dir='ltr'><strong>invidiae</strong></span> <span class='ocrx_word' id='word_1_222' title='bbox 635 2503 739 2578; x_wconf 84' lang='lat' dir='ltr'><strong>gratia,</strong></span> <span class='ocrx_word' id='word_1_223' title='bbox 754 2519 829 2580; x_wconf 85' lang='lat' dir='ltr'><strong>quae</strong></span> <span class='ocrx_word' id='word_1_224' title='bbox 845 2502 977 2581; x_wconf 87' lang='lat' dir='ltr'><strong>asperius</strong></span> <span class='ocrx_word' id='word_1_225' title='bbox 990 2501 1067 2564; x_wconf 84' lang='lat' dir='ltr'><strong>dicta</strong></span> <span class='ocrx_word' id='word_1_226' title='bbox 1081 2511 1161 2579; x_wconf 87' lang='lat' dir='ltr'><strong>sunt,</strong></span> 
     </span>
     <span class='ocr_line' id='line_1_29' title="bbox 159 2581 1160 2660; baseline 0.007 -17"><span class='ocrx_word' id='word_1_227' title='bbox 159 2583 374 2660; x_wconf 89' lang='lat' dir='ltr'><strong>eluduntur,</strong></span> <span class='ocrx_word' id='word_1_228' title='bbox 397 2591 428 2644; x_wconf 83' lang='lat' dir='ltr'><strong>ut</strong></span> <span class='ocrx_word' id='word_1_229' title='bbox 443 2601 460 2644; x_wconf 84' lang='lat' dir='ltr'><strong>a</strong></span> <span class='ocrx_word' id='word_1_230' title='bbox 476 2581 621 2648; x_wconf 71' lang='lat' dir='ltr'><strong>Cicerone</strong></span> <span class='ocrx_word' id='word_1_231' title='bbox 639 2585 776 2649; x_wconf 80' lang='lat' dir='ltr'><strong>Triarius.</strong></span> <span class='ocrx_word' id='word_1_232' title='bbox 813 2584 886 2648; x_wconf 87' lang='lat' dir='ltr'><strong>Nam</strong></span> <span class='ocrx_word' id='word_1_233' title='bbox 907 2605 972 2648; x_wconf 89' lang='lat' dir='ltr'><strong>cum</strong></span> <span class='ocrx_word' id='word_1_234' title='bbox 991 2585 1094 2646; x_wconf 80' lang='lat' dir='ltr'><strong>Scauri</strong></span> <span class='ocrx_word' id='word_1_235' title='bbox 1109 2604 1160 2650; x_wconf 90' lang='lat' dir='ltr'><strong>cc·</strong></span> 
     </span>
     <span class='ocr_line' id='line_1_30' title="bbox 159 2667 1160 2750; baseline 0.005 -22"><span class='ocrx_word' id='word_1_236' title='bbox 159 2667 269 2728; x_wconf 88' lang='lat' dir='ltr'><strong>lumnas</strong></span> <span class='ocrx_word' id='word_1_237' title='bbox 288 2686 343 2747; x_wconf 86' lang='lat' dir='ltr'><strong>per</strong></span> <span class='ocrx_word' id='word_1_238' title='bbox 363 2667 464 2730; x_wconf 82' lang='lat' dir='ltr'><strong>urbem</strong></span> <span class='ocrx_word' id='word_1_239' title='bbox 487 2667 625 2747; x_wconf 85' lang='lat' dir='ltr'><strong>plaustris</strong></span> <span class='ocrx_word' id='word_1_240' title='bbox 647 2679 748 2732; x_wconf 85' lang='lat' dir='ltr'><strong>vectas</strong></span> <span class='ocrx_word' id='word_1_241' title='bbox 771 2687 838 2732; x_wconf 90' lang='lat' dir='ltr'><strong>esse</strong></span> <span class='ocrx_word' id='word_1_242' title='bbox 859 2669 947 2747; x_wconf 82' lang='lat' dir='ltr'><strong>dixit,</strong></span> <span class='ocrx_word' id='word_1_243' title='bbox 968 2667 1035 2750; x_wconf 74' lang='lat' dir='ltr'><strong>llpo</strong></span> <span class='ocrx_word' id='word_1_244' title='bbox 1053 2688 1160 2749; x_wconf 71' lang='lat' dir='ltr'><strong>porro,</strong></span> 
     </span>
     <span class='ocr_line' id='line_1_31' title="bbox 158 2747 1160 2834; baseline 0.005 -23"><span class='ocrx_word' id='word_1_245' title='bbox 158 2752 259 2830; x_wconf 88' lang='lat' dir='ltr'><strong>inquit,</strong></span> <span class='ocrx_word' id='word_1_246' title='bbox 275 2753 328 2832; x_wconf 77' lang='lat' dir='ltr'><strong>qui</strong></span> <span class='ocrx_word' id='word_1_247' title='bbox 338 2747 479 2817; x_wconf 81' lang='lat' dir='ltr'><strong>Albanae</strong></span> <span class='ocrx_word' id='word_1_248' title='bbox 493 2753 590 2818; x_wconf 78' lang='lat' dir='ltr'><strong>haheo</strong></span> <span class='ocrx_word' id='word_1_249' title='bbox 601 2755 767 2830; x_wconf 71' lang='lat' dir='ltr'><strong>cohartor,</strong></span> <span class='ocrx_word' id='word_1_250' title='bbox 784 2754 903 2820; x_wconf 77' lang='lat' dir='ltr'><strong>clitellis</strong></span> <span class='ocrx_word' id='word_1_251' title='bbox 917 2772 972 2819; x_wconf 79' lang='lat' dir='ltr'><strong>aas</strong></span> <span class='ocrx_word' id='word_1_252' title='bbox 982 2757 1160 2834; x_wconf 73' lang='lat' dir='ltr'><strong>apportavi.</strong></span> 
     </span>
     <span class='ocr_line' id='line_1_32' title="bbox 157 2833 1160 2918; baseline 0.004 -24"><span class='ocrx_word' id='word_1_253' title='bbox 157 2833 195 2894; x_wconf 86' lang='lat' dir='ltr'><strong>Et</strong></span> <span class='ocrx_word' id='word_1_254' title='bbox 215 2838 306 2913; x_wconf 78' lang='lat' dir='ltr'><strong>magis</strong></span> <span class='ocrx_word' id='word_1_255' title='bbox 325 2837 383 2897; x_wconf 93' lang='lat' dir='ltr'><strong>hoc</strong></span> <span class='ocrx_word' id='word_1_256' title='bbox 403 2837 433 2896; x_wconf 93' lang='lat' dir='ltr'><strong>in</strong></span> <span class='ocrx_word' id='word_1_257' title='bbox 455 2846 643 2900; x_wconf 85' lang='lat' dir='ltr'><strong>accusatores</strong></span> <span class='ocrx_word' id='word_1_258' title='bbox 659 2855 831 2900; x_wconf 84' lang='lat' dir='ltr'><strong>conoessum</strong></span> <span class='ocrx_word' id='word_1_259' title='bbox 853 2845 913 2916; x_wconf 91' lang='lat' dir='ltr'><strong>est,</strong></span> <span class='ocrx_word' id='word_1_260' title='bbox 936 2837 1039 2918; x_wconf 84' lang='lat' dir='ltr'><strong>quihus</strong></span> <span class='ocrx_word' id='word_1_261' title='bbox 1061 2839 1160 2898; x_wconf 82' lang='lat' dir='ltr'><strong>conri-</strong></span> 
     </span>
    </p>

    <p class='ocr_par' dir='ltr' id='par_1_8' title="bbox 117 2919 1162 3088">
     <span class='ocr_line' id='line_1_33' title="bbox 117 2919 1162 3000; baseline 0.007 -22"><span class='ocrx_word' id='word_1_262' title='bbox 117 2919 229 2978; x_wconf 85' lang='lat' dir='ltr'><strong>tlciari</strong></span> <span class='ocrx_word' id='word_1_263' title='bbox 256 2919 411 2999; x_wconf 84' lang='lat' dir='ltr'><strong>aliquando</strong></span> <span class='ocrx_word' id='word_1_264' title='bbox 434 2921 587 2999; x_wconf 87' lang='lat' dir='ltr'><strong>patrocinii</strong></span> <span class='ocrx_word' id='word_1_265' title='bbox 608 2922 680 2986; x_wconf 84' lang='lat' dir='ltr'><strong>idea</strong></span> <span class='ocrx_word' id='word_1_266' title='bbox 705 2923 794 3000; x_wconf 76' lang='lat' dir='ltr'><strong>cogit.</strong></span> <span class='ocrx_word' id='word_1_267' title='bbox 840 2921 894 2984; x_wconf 94' lang='lat' dir='ltr'><strong>llla</strong></span> <span class='ocrx_word' id='word_1_268' title='bbox 919 2939 991 2985; x_wconf 82' lang='lat' dir='ltr'><strong>vero</strong></span> <span class='ocrx_word' id='word_1_269' title='bbox 1018 2921 1162 2984; x_wconf 84' lang='lat' dir='ltr'><strong>adversus</strong></span> 
     </span>
     <span class='ocr_line' id='line_1_34' title="bbox 159 3005 1162 3088; baseline 0.004 -26"><span class='ocrx_word' id='word_1_270' title='bbox 159 3017 259 3063; x_wconf 86' lang='lat' dir='ltr'><strong>omnes</strong></span> <span class='ocrx_word' id='word_1_271' title='bbox 283 3011 312 3062; x_wconf 92' lang='lat' dir='ltr'><strong>et</strong></span> <span class='ocrx_word' id='word_1_272' title='bbox 333 3012 455 3083; x_wconf 89' lang='lat' dir='ltr'><strong>recepta</strong></span> <span class='ocrx_word' id='word_1_273' title='bbox 479 3012 508 3065; x_wconf 89' lang='lat' dir='ltr'><strong>et</strong></span> <span class='ocrx_word' id='word_1_274' title='bbox 528 3021 586 3068; x_wconf 88' lang='lat' dir='ltr'><strong>non</strong></span> <span class='ocrx_word' id='word_1_275' title='bbox 606 3005 757 3070; x_wconf 83' lang='lat' dir='ltr'><strong>uhuuam</strong></span> <span class='ocrx_word' id='word_1_276' title='bbox 783 3008 973 3088; x_wconf 83' lang='lat' dir='ltr'><strong>conquestio,</strong></span> <span class='ocrx_word' id='word_1_277' title='bbox 999 3007 1026 3068; x_wconf 89' lang='lat' dir='ltr'><strong>si</strong></span> <span class='ocrx_word' id='word_1_278' title='bbox 1052 3005 1162 3068; x_wconf 79' lang='lat' dir='ltr'><strong>callide</strong></span> 
     </span>
    </p>

    <p class='ocr_par' dir='ltr' id='par_1_9' title="bbox 117 3085 1162 3506">
     <span class='ocr_line' id='line_1_35' title="bbox 117 3085 1162 3166; baseline 0.004 -20"><span class='ocrx_word' id='word_1_279' title='bbox 117 3086 227 3165; x_wconf 73' lang='lat' dir='ltr'><strong>etquid</strong></span> <span class='ocrx_word' id='word_1_280' title='bbox 242 3087 367 3163; x_wconf 83' lang='lat' dir='ltr'><strong>acuisse,</strong></span> <span class='ocrx_word' id='word_1_281' title='bbox 382 3085 545 3166; x_wconf 83' lang='lat' dir='ltr'><strong>breviasse,</strong></span> <span class='ocrx_word' id='word_1_282' title='bbox 562 3089 737 3152; x_wconf 84' lang='lat' dir='ltr'><strong>obscurasse</strong></span> <span class='ocrx_word' id='word_1_283' title='bbox 763 3090 912 3152; x_wconf 89' lang='lat' dir='ltr'><strong>distulisse</strong></span> <span class='ocrx_word' id='word_1_284' title='bbox 928 3091 1069 3154; x_wconf 83' lang='lat' dir='ltr'><strong>dicuntur.</strong></span> <span class='ocrx_word' id='word_1_285' title='bbox 1101 3089 1162 3150; x_wconf 85' lang='lat' dir='ltr'><strong>lle·</strong></span> 
     </span>
     <span class='ocr_line' id='line_1_36' title="bbox 159 3169 1150 3256; baseline 0.003 -26"><span class='ocrx_word' id='word_1_286' title='bbox 159 3169 299 3232; x_wconf 75' lang='lat' dir='ltr'><strong>fessionis</strong></span> <span class='ocrx_word' id='word_1_287' title='bbox 320 3187 437 3249; x_wconf 83' lang='lat' dir='ltr'><strong>quoqne</strong></span> <span class='ocrx_word' id='word_1_288' title='bbox 458 3175 630 3251; x_wconf 87' lang='lat' dir='ltr'><strong>permutatio</strong></span> <span class='ocrx_word' id='word_1_289' title='bbox 642 3174 870 3255; x_wconf 84' lang='lat' dir='ltr'><strong>reprehenditur</strong></span> <span class='ocrx_word' id='word_1_290' title='bbox 883 3192 990 3256; x_wconf 85' lang='lat' dir='ltr'><strong>saepe,</strong></span> <span class='ocrx_word' id='word_1_291' title='bbox 1011 3182 1042 3235; x_wconf 89' lang='lat' dir='ltr'><strong>nt</strong></span> <span class='ocrx_word' id='word_1_292' title='bbox 1062 3171 1150 3234; x_wconf 79' lang='lat' dir='ltr'><strong>Attiru</strong></span> 
     </span>
     <span class='ocr_line' id='line_1_37' title="bbox 159 3251 1142 3339; baseline 0.002 -25"><span class='ocrx_word' id='word_1_293' title='bbox 159 3255 299 3316; x_wconf 88' lang='lat' dir='ltr'><strong>adversus</strong></span> <span class='ocrx_word' id='word_1_294' title='bbox 316 3251 489 3333; x_wconf 79' lang='lat' dir='ltr'><strong>Cluentium,</strong></span> <span class='ocrx_word' id='word_1_295' title='bbox 505 3255 669 3319; x_wconf 84' lang='lat' dir='ltr'><strong>Aeschines</strong></span> <span class='ocrx_word' id='word_1_296' title='bbox 685 3259 825 3322; x_wconf 85' lang='lat' dir='ltr'><strong>adversus</strong></span> <span class='ocrx_word' id='word_1_297' title='bbox 842 3256 1062 3339; x_wconf 80' lang='lat' dir='ltr'><strong>Ctesiphontem</strong></span> <span class='ocrx_word' id='word_1_298' title='bbox 1077 3256 1142 3318; x_wconf 86' lang='lat' dir='ltr'><strong>iaci</strong></span> 
     </span>
     <span class='ocr_line' id='line_1_38' title="bbox 161 3335 1146 3420; baseline 0.004 -23"><span class='ocrx_word' id='word_1_299' title='bbox 161 3354 225 3398; x_wconf 90' lang='lat' dir='ltr'><strong>cunr</strong></span> <span class='ocrx_word' id='word_1_300' title='bbox 242 3338 293 3400; x_wconf 91' lang='lat' dir='ltr'><strong>ille</strong></span> <span class='ocrx_word' id='word_1_301' title='bbox 310 3335 482 3401; x_wconf 79' lang='lat' dir='ltr'><strong>Ciceronem</strong></span> <span class='ocrx_word' id='word_1_302' title='bbox 500 3339 568 3419; x_wconf 76' lang='lat' dir='ltr'><strong>lege</strong></span> <span class='ocrx_word' id='word_1_303' title='bbox 586 3361 702 3403; x_wconf 89' lang='lat' dir='ltr'><strong>usurum</strong></span> <span class='ocrx_word' id='word_1_304' title='bbox 715 3343 820 3420; x_wconf 90' lang='lat' dir='ltr'><strong>modo,</strong></span> <span class='ocrx_word' id='word_1_305' title='bbox 834 3342 884 3404; x_wconf 91' lang='lat' dir='ltr'><strong>hio</strong></span> <span class='ocrx_word' id='word_1_306' title='bbox 899 3343 1014 3404; x_wconf 90' lang='lat' dir='ltr'><strong>minime</strong></span> <span class='ocrx_word' id='word_1_307' title='bbox 1033 3341 1070 3404; x_wconf 90' lang='lat' dir='ltr'><strong>de</strong></span> <span class='ocrx_word' id='word_1_308' title='bbox 1090 3341 1146 3418; x_wconf 51' lang='lat' dir='ltr'><strong>leg¹</strong></span> 
     </span>
     <span class='ocr_line' id='line_1_39' title="bbox 159 3420 681 3506; baseline 0.011 -26"><span class='ocrx_word' id='word_1_309' title='bbox 159 3420 298 3482; x_wconf 90' lang='lat' dir='ltr'><strong>dicturum</strong></span> <span class='ocrx_word' id='word_1_310' title='bbox 311 3421 528 3486; x_wconf 88' lang='lat' dir='ltr'><strong>Demosthenen</strong></span> <span class='ocrx_word' id='word_1_311' title='bbox 543 3429 681 3506; x_wconf 84' lang='lat' dir='ltr'><strong>queritur.</strong></span> 
     </span>
    </p>
   </div>
   <div class='ocr_carea' id='block_1_8' title="bbox 0 0 1263 3958">
    <p class='ocr_par' dir='ltr' id='par_1_10' title="bbox 0 0 1263 3958">
     <span class='ocr_line' id='line_1_40' title="bbox 0 0 1263 3958; baseline 0 0"><span class='ocrx_word' id='word_1_312' title='bbox 0 0 1263 3958; x_wconf 95' lang='lat' dir='ltr'><strong> </strong></span> 
     </span>
    </p>
   </div>
  </div>
 </body>
</html>
