2436 3956
271 219 361 268 mor.
385 218 534 269 caenon.
556 221 625 270 nra.
645 221 705 288 vn,
728 221 754 274 5.
770 221 796 275 a.
994 213 1035 275 33

256 411 258 416 ’
294 419 338 470 DE
356 419 546 474 IURIDICIALI
563 419 761 479 QUALITATE.

115 527 150 586 V.
172 526 228 602 Qui
242 545 337 607 neque
350 527 460 589 iecisse
472 547 505 589 se
521 529 639 607 negabit
653 546 750 607 neque
765 528 843 591 aliud
854 547 938 606 esse,
956 531 1033 609 quod

41 610 151 687 iecerit,
169 611 246 672 dicet
258 629 354 692 neque
370 612 476 672 facturo
490 612 643 688 defendet,
660 630 785 672 necesse
800 620 845 672 est
860 614 888 671 in
903 630 956 672 suo
971 616 1033 675 iure

43 695 184 764 consistut;
212 697 241 756 in
264 713 321 775 quo
340 696 511 775 plerumque
536 697 702 756 actionis
730 704 776 756 est
803 698 946 775 quaestio.
991 697 1063 770 Eaz

42 794 93 837 non
106 795 237 857 semper,
253 788 284 840 ut
299 779 415 859 quidam
431 788 621 858 putaverunt,
637 779 770 840 iudicium
785 779 947 856 antecedit,
965 799 1033 859 qua·

42 861 75 922 lia
90 871 150 922 sunt
164 871 330 941 praetorum
347 865 462 924 curiosa
480 863 617 939 consilia,
636 880 700 924 cum
722 863 759 924 de
775 864 838 922 iure
854 866 1033 924 accusatoris

41 943 197 1023 ambigitur;
219 947 316 1007 sedin
330 947 401 1025 ipsis
418 946 653 1025 frequentissime
670 946 783 1008 iudiciis
803 956 946 1007 versatur.
981 946 1035 1007 Est

41 1031 109 1088 enim
123 1029 230 1109 duplex
251 1031 314 1091 eius
337 1030 557 1109 disceptationis
575 1031 725 1107 condicio,
749 1030 826 1109 quod
846 1029 894 1090 dut
913 1031 1033 1091 intentio

42 1120 84 1172 aut
97 1115 286 1193 praescriptio
301 1113 389 1174 babet
405 1115 645 1186 controversiam.
678 1113 868 1190 defuerunt,
889 1116 938 1194 qui
949 1132 1033 1193 prae·

19 1213 20 1222 ¹
42 1197 195 1275 scriptionis
211 1206 316 1260 statum
331 1197 480 1273 facerent,
499 1205 633 1275 tanquam
649 1215 684 1258 ea
702 1214 760 1257 non
774 1198 876 1258 iisdem
892 1197 1033 1274 omnibus,

42 1279 135 1357 quibus
154 1289 272 1343 ceterae
293 1281 395 1359 leges,
416 1279 634 1360 quaestionibus
651 1282 857 1342 contineretur.
903 1279 974 1341 (tum
998 1298 1064 1353 exa

42 1366 261 1443 praescriptione
277 1365 312 1426 lis
327 1364 452 1444 pendet,
467 1365 505 1426 dc
521 1366 584 1444 ipsa
596 1383 629 1425 re
645 1365 746 1444 quaeri
761 1381 818 1424 non
836 1372 882 1424 est
897 1383 1033 1426 necesse.

43 1443 224 1522 lgnoninioso
242 1448 318 1509 iilius
339 1448 529 1528 praescribit:
557 1450 594 1510 de
616 1466 652 1510 eo
675 1449 740 1510 solo
760 1448 897 1508 iudicatio
914 1458 975 1525 est,
1000 1467 1036 1509 an

43 1527 138 1592 liceat?
177 1531 321 1607 Quotiens
340 1541 436 1593 tamen
456 1533 634 1611 poterimus,
656 1532 840 1594 efficiendum
860 1540 921 1608 est,
949 1540 980 1592 ιιι
998 1535 1035 1594 de

43 1631 72 1672 re
85 1632 194 1695 quoque
209 1617 300 1678 iudex
314 1615 389 1676 bene
408 1617 528 1684 sentiat;
555 1618 598 1676 sic
620 1617 694 1676 enim
709 1618 763 1677 iuri
780 1623 880 1676 nostro
899 1615 1035 1676 libentius

47 1696 206 1778 indulgebit:
237 1699 321 1759 utin
346 1698 567 1777 sponsionibus,
597 1717 672 1777 quae
701 1717 738 1760 ex
767 1698 927 1760 interdictis
953 1699 1034 1776 bunt,

45 1779 141 1842 etiamsi
156 1799 212 1844 non
227 1783 415 1863 proprietatis
432 1791 477 1842 est
491 1783 623 1860 quaestio
634 1782 687 1842 sed
703 1791 809 1844 tuntum
820 1783 1033 1860 possessionis:

15 1919 16 1922 ,
43 1870 202 1927 tamennon
222 1866 318 1928 solum
336 1867 508 1945 possedisse
529 1882 583 1925 nos
606 1864 660 1926 sed
682 1866 767 1926 etium
783 1874 911 1925 nostrum
932 1881 1035 1944 posse·

43 1943 128 2025 disse,
144 1950 254 2012 docere
270 1949 427 2029 oportebit.
469 1949 528 2012 Sed
542 1948 722 2028 frequentius
738 1949 823 2010 edam
837 1950 985 2028 quaeritur
999 1947 1067 2018 dee

15 2081 16 2106 ἶ
43 2030 197 2096 intentione.
246 2031 400 2113 Virfortis
410 2042 505 2113 optet,
522 2033 703 2112 quodooict.
746 2031 832 2110 Nego
845 2032 888 2093 ilii
903 2031 1035 2109 dandum,

15 2111 16 2178 j
44 2115 166 2196 quidquid
186 2118 348 2198 optauerit:
372 2134 430 2177 non
452 2115 547 2178 babeo
569 2117 847 2195 praescriptionem,
870 2116 924 2176 sed
941 2125 1037 2176 tamen

44 2198 178 2262 voluntate
194 2210 296 2268 contra
310 2200 400 2262 verba
411 2201 649 2280 praescriptionis
662 2200 747 2261 modo
759 2208 835 2261 utor.
868 2197 900 2258 ln
911 2207 1036 2278 utroque

45 2289 128 2344 antem
141 2303 252 2363 genere
269 2293 359 2345 status
377 2285 463 2346 iidem
478 2293 553 2344 sunt.

117 2367 205 2430 Porro
231 2369 282 2431 lex
307 2370 398 2430 omnis
422 2377 470 2429 aut
501 2367 599 2428 tribuit
626 2375 674 2427 aut
692 2367 789 2428 adimit
810 2375 859 2428 aut
884 2367 964 2446 punit
987 2375 1062 2428 aute

45 2446 114 2509 iubet
134 2463 181 2514 aut
199 2462 281 2514 vetat
306 2462 354 2513 aut
374 2453 522 2532 permittit.
558 2450 650 2511 bitem
669 2449 758 2512 babet
783 2459 831 2511 aut
856 2459 979 2530 propter
1002 2469 1035 2509 se

45 2530 126 2608 ipsam
147 2545 194 2597 aut
214 2545 338 2616 propter
360 2537 496 2611 alteram,
519 2536 720 2613 quaestionem
741 2536 834 2604 autin
856 2535 966 2612 scripto
989 2543 1037 2592 aut

46 2612 241 2682 inuoluptate.
293 2620 438 2700 Scriptum
459 2626 658 2697 antepartum
679 2627 724 2677 est
745 2627 792 2678 ant
813 2617 969 2678 obscurum
989 2624 1037 2675 aut

46 2699 205 2779 ambiguum.
251 2702 337 2778 Quod
359 2704 395 2765 de
412 2702 526 2780 legibus
543 2702 626 2777 dico,
648 2701 724 2762 idern
745 2703 839 2780 accipi
855 2700 926 2760 volo
942 2700 978 2760 de
995 2707 1064 2762 ιιι-6

46 2788 198 2864 sternentis,
215 2789 326 2866 pactis,
342 2784 575 2866 stipulationibus
587 2785 663 2844 omni
679 2785 803 2864 denique
818 2785 946 2863 scripto;
962 2781 1037 2842 idern

46 2859 77 2924 de
90 2885 170 2931 voce.
215 2869 253 2931 Et
275 2871 409 2950 quonium
424 2877 559 2948 quattuor
573 2869 635 2928 eius
652 2869 770 2944 generis
787 2868 972 2946 quaestiones
990 2870 1039 2925 vel

46 2955 127 3012 status
140 2953 277 3014 facimus:
296 2953 426 3032 singulos
442 2968 654 3031 percurramus.

326 3106 485 3158 SCRIPTUM
503 3106 544 3154 ΕΤ
561 3101 745 3156 VOLUNTAS.

122 3203 171 3264 vt.
192 3206 333 3284 scripti
349 3215 383 3266 et
397 3205 606 3265 voluntatis
623 3202 856 3282 frequentissima
879 3203 954 3260 inter
970 3217 1038 3259 con·

48 3282 131 3345 auitos
156 3291 289 3367 quaestio
313 3298 374 3366 est,
408 3297 437 3348 et
461 3306 529 3367 pars
552 3303 656 3364 magna
678 3286 860 3346 controversi
883 3285 952 3343 iuris
972 3283 1040 3342 binc

50 3369 160 3440 pendet;
174 3375 333 3451 quominus
348 3373 376 3432 id
391 3374 419 3432 in
430 3370 541 3432 scholis
553 3370 689 3432 accidere
700 3371 800 3429 mirum
816 3377 877 3444 est,
893 3367 940 3427 ubi
955 3367 1040 3426 etiarn

51 3464 83 3508 ex
94 3454 228 3516 industria
251 3456 374 3534 fingitur.
417 3455 486 3516 Eius
512 3473 604 3532 genus
627 3471 713 3514 unum
735 3461 796 3528 est,
822 3453 930 3529 inquo
955 3449 1040 3510 etde

87 3555 114 3594 ιι.
125 3559 148 3596 s.
162 3559 275 3607 qurnrtt.
287 3547 321 3601 II.
870 3534 888 3594 3
