2470 3962
354 173 442 222 insu.
467 175 616 224 crasson.
638 175 707 224 nus.
730 172 822 243 x1,3.
1037 153 1094 222 231
1166 143 1170 146 ’

81 329 237 390 dextrum*
255 327 403 390 humerum
430 327 466 388 ab
494 329 550 388 irno
576 329 701 390 reiicere
728 329 850 390 solutum
873 346 907 388 ac
930 325 1094 403 delicatum,

83 413 225 492 liuntque
244 411 337 473 adhuc
358 412 441 489 peius
457 411 568 490 aliqua:
595 413 633 472 ita
650 431 701 472 our
715 412 857 472 laxiorem
873 413 963 472 sinum
979 411 1095 470 sinistro

85 495 217 558 brachio
239 513 297 555 non
317 493 519 556 subiiciamus?
556 495 650 556 llabet
672 497 746 556 enirn
763 513 832 568 acre
851 493 984 574 quidnam
1008 503 1095 572 atquc

86 579 264 658 expeditum
285 588 316 639 et
336 577 426 639 calori
442 579 685 657 concitationique
701 596 758 639 non
773 579 910 639 inhabile.
937 575 1008 637 (lum
1022 594 1095 636 vero
1101 591 1153 647 147

83 681 199 740 magna
216 681 285 742 pars
309 671 353 722 est
377 661 517 724 exbansta
534 664 689 737 orationis,
714 664 812 742 utique
831 662 947 723 afflante
965 661 1094 720 fortuna:

89 765 191 826 paene
207 747 301 807 omnia
317 747 439 821 decent,
463 745 552 806 sudor
574 747 639 824 ipse
661 755 690 806 et
704 747 836 822 fatigatio
854 755 884 806 et
900 742 1095 822 negligentior

85 831 214 890 amiotus
232 839 261 890 et
275 829 372 890 soluta
393 847 428 889 ac
444 830 524 889 velut
544 829 647 890 labens
667 830 791 908 undique
808 838 888 908 toga.
921 826 985 900 Quo
1002 827 1156 904 magis148'

88 915 184 972 miror
196 915 272 974 banc
293 930 409 992 quoque
430 913 609 973 succurrisse
626 912 718 973 Plinio
741 932 854 988 curam,
878 921 908 973 ut
922 912 961 971 ita
977 911 1093 994 sudario

85 997 219 1057 frontem
233 999 339 1058 siccari
355 996 479 1072 iuberet,
495 1015 532 1056 ne
549 1013 650 1058 comae
662 997 855 1073 turbarentur,
872 1013 944 1075 quas
959 995 1095 1071 componi

90 1089 162 1158 post
172 1080 296 1158 paulum,
310 1081 394 1140 sicuti
403 1079 520 1156 dignum
531 1089 603 1155 erat,
615 1071 744 1157 gr‘aviter
753 1088 781 1139 et
793 1079 1006 1140 severevetuit.
1024 1077 1093 1138 blibi
1157 1127 1160 1144 s

85 1181 165 1224 uero
183 1163 251 1224 illae
273 1181 390 1243 quoque
411 1162 542 1224 turbatae
564 1181 635 1241 prae
656 1182 688 1223 se
704 1164 784 1224 ferre
801 1162 909 1242 aliquid
925 1161 1047 1222 affectus
1065 1170 1094 1221 et

88 1249 157 1326 ipsa
175 1247 323 1308 oblivione
344 1263 432 1307 curae
448 1245 533 1309 buius
548 1248 741 1308 commendari
756 1247 897 1307 videntur.
929 1244 968 1304 Αι
980 1246 1007 1318 ,εἰ
1023 1245 1153 1304 inci-149
1175 1300 1178 1304 .

89 1331 239 1410 pientibus
255 1339 303 1392 aut
319 1329 434 1410 paulum
450 1331 617 1408 progressis
633 1329 749 1391 decidat
762 1339 845 1408 toga:
873 1347 930 1389 non
946 1342 1093 1406 reponere

88 1433 157 1476 eam
174 1431 293 1493 prorsus
308 1415 483 1493 negligentis
500 1423 547 1473 ant
564 1414 653 1492 pigri,
678 1423 725 1474 aut
740 1415 886 1493 quomodo
903 1413 1008 1475 deceat
1025 1413 1093 1472 arni·
1142 1439 1146 1452 ·

89 1499 161 1573 oiri,
179 1499 335 1558 nescientis
351 1507 405 1558 εει.

177 1580 257 1641 Ηεεε
283 1591 347 1641 suut
373 1581 423 1642 vel
449 1581 654 1643 illustramenta
679 1581 917 1659 pronuntiationis
942 1583 991 1642 vel
1013 1584 1092 1659 vitia,

88 1664 197 1745 quibus
208 1665 368 1743 propositis
383 1664 470 1726 multa
486 1665 617 1741 cogitare
634 1663 723 1724 debet
738 1673 845 1724 orator.
866 1664 999 1742 Rrirnum,
1016 1668 1091 1746 quis,
1100 1673 1152 1726 150

87 1748 167 1826 apud
185 1765 275 1826 quos,
300 1747 403 1827 quibus
424 1747 626 1825 praesentibus
648 1748 685 1807 sit
702 1756 826 1808 acturus.
858 1747 930 1808 Nam
946 1758 976 1808 ut
991 1749 1091 1810 dicere

87 1833 147 1892 alia
170 1831 234 1892 aliis
251 1839 280 1890 ει
303 1833 379 1910 apud
402 1831 477 1892 alios
499 1833 591 1908 magis
615 1849 786 1892 concessum
803 1839 863 1891 est:
890 1833 933 1891 aio
949 1827 1034 1892 etiam
1050 1834 1091 1893 l·

91 1935 172 1976 cere.
208 1913 312 1994 Neque
335 1914 436 1976 eadem
458 1917 486 1974 in
503 1931 594 1990 voce,
618 1924 719 1992 gestu,
740 1915 872 1990 incessu,
894 1915 970 1993 apud
986 1917 1091 1994 priuci-

89 2017 176 2078 pem,
193 2008 337 2073 senatum,
354 1998 508 2078 populum,
527 1999 726 2076 magistratus,
743 1999 866 2080 privato,
885 1998 1002 2076 publico
1020 2000 1090 2061 iudi·

91 2084 156 2156 cio,
178 2081 390 2160 postulatione,
413 2083 528 2143 actione
550 2082 682 2143 similiter
701 2082 815 2142 decent.
848 2080 939 2154 Quam
956 2081 1090 2142 dilleren·

87 2167 158 2226 tiam
174 2165 319 2226 subiicere
343 2165 398 2226 sibi
414 2167 553 2246 quisque,
578 2167 625 2244 qui
643 2166 764 2227 animurn
780 2165 951 2240 intenderit,
978 2175 1090 2243 potest;

87 2259 149 2309 tum
164 2267 220 2328 qua
235 2249 272 2308 de
287 2267 320 2308 re
337 2249 428 2324 dicat,
453 2259 482 2308 et
503 2247 624 2308 efficere
641 2248 709 2327 quid
724 2249 805 2319 uelit.
837 2247 892 2308 Rei
910 2249 1149 2326 quadruplex151
1165 2285 1170 2292 -

89 2331 259 2394 observatio
281 2337 336 2392 est.
370 2331 432 2394 Una
448 2334 476 2392 in
499 2341 559 2392 tota
576 2350 672 2398 causa.
706 2332 866 2392 Suntenirn
883 2332 997 2407 tristes,
1021 2332 1092 2391 bila·

90 2435 151 2490 res,
169 2415 324 2492 sollicitae,
341 2434 474 2491 securae,
492 2415 630 2493 grandes,
650 2415 784 2494 pusillae,
802 2424 832 2475 ut
849 2416 898 2474 vix
916 2433 1037 2494 unquam
1054 2417 1093 2474 ita

10 2497 12 2506 ’
90 2497 242 2559 sollicitari
257 2499 387 2578 partibus
405 2518 502 2560 earum
518 2499 692 2575 debeamus,
716 2508 746 2558 ut
767 2517 825 2559 nou
847 2509 876 2559 et
891 2518 1018 2570 summae
1034 2518 1093 2558 me·

10 2593 12 2600 '
90 2582 269 2651 miserimus:
299 2583 408 2658 altera,
436 2601 511 2663 quae
537 2592 582 2642 est
606 2584 634 2641 in
657 2583 820 2644 differentia
845 2584 983 2661 partium,
1011 2591 1042 2642 ut
1066 2584 1153 2641 inltt

91 2666 259 2744 prooemio,
289 2667 472 2742 narratione,
500 2666 763 2744 argumentatione,
793 2665 926 2744 epilogo:
953 2667 1039 2726 tertia
1064 2667 1093 2725 in

90 2751 241 2810 sententiis
256 2750 344 2830 ipsis,
363 2751 391 2809 in
409 2751 512 2829 quibus
528 2749 685 2810 secundum
700 2768 750 2810 res
766 2759 795 2810 ει
811 2749 933 2810 adactus
948 2751 1094 2810 variantur

92 2834 201 2900 omnia:
229 2842 331 2911 quarta
349 2835 377 2892 in
396 2833 513 2908 verbis,
536 2851 656 2912 quornm
677 2843 706 2893 ut
727 2843 772 2893 est
787 2834 908 2908 vitiosa,
928 2833 956 2892 si
971 2833 1093 2894 ellioere

92 2917 184 2976 omnia
201 2917 336 2994 velimus,
355 2918 489 2978 imitatio:
507 2919 545 2977 ita
562 2916 730 2994 quibusdam
747 2918 801 2976 nisi
814 2935 866 2977 aua
881 2925 981 2977 natura
996 2915 1092 2977 reddi·

10 3037 11 3040 =
92 3008 152 3073 tur,
168 3001 213 3059 vis
229 3001 320 3062 omnis
336 3001 473 3062 aufertur.
507 2999 597 3078 lgitur
611 3003 639 3059 in
657 3000 882 3076 laudationibus,
899 3002 953 3059 uisi
970 3001 995 3060 si
1011 3001 1159 3059 lune-lob

94 3082 161 3143 bres
177 3091 275 3159 erunt,
291 3085 447 3162 gratiarum
464 3086 596 3159 actione,
617 3083 835 3161 exhortatione,
859 3083 1001 3144 similibus
1016 3084 1094 3144 laeta

90 3175 123 3226 et
137 3167 287 3245 magnilica
302 3177 332 3228 ει
347 3167 477 3230 sublimis
491 3177 537 3230 est
552 3169 639 3230 actio.
670 3166 824 3228 Funebres
840 3169 1006 3242 contiones,
1024 3182 1092 3230 con.-

96 3249 261 3327 solationes,
273 3251 445 3332 plerumque
458 3271 563 3314 causae
574 3269 691 3312 reorum
702 3253 802 3312 tristes
814 3261 901 3329 atque
913 3251 1092 3310 summissae.

95 3331 126 3393 ln
141 3343 238 3396 senatu
255 3336 456 3398 conservanda
471 3338 643 3412 auotoritas,
659 3335 736 3414 apud
751 3333 890 3415 populum
906 3333 1047 3412 dignitas,
1065 3333 1095 3392 in
