2494 3952
204 235 263 300 toti
318 223 322 232 ’
512 247 554 302 uu.
571 217 649 294 use.
665 245 885 307 cururrurann

201 410 231 464 et
244 400 410 480 speciosum
426 398 540 461 dicendi
555 417 664 478 genus,
685 408 762 460 tanta
783 399 939 462 verborum
959 402 1044 463 etiam
1059 420 1133 481 quas
1147 422 1192 465 aa·

200 494 311 562 sumpta
326 493 391 544 sunt
402 485 577 564 proprietas,
592 492 670 546 tanta
684 485 713 542 in
725 483 893 561 quibusdam
906 503 944 545 ex
953 487 1085 565 periculo
1097 488 1194 566 petitis

141 569 393 647 ranstgoitorutta.
424 566 586 644 Habebunt,
602 567 651 646 qui
666 575 734 646 post
755 584 809 628 nos
824 567 861 628 de
880 568 1042 630 oratoribus
1058 568 1196 648 scribent,

197 670 328 730 maguam
344 668 407 727 eos,
424 653 472 730 qui
490 667 565 710 nunc
579 653 689 728 vigent,
706 652 853 714 materiam
868 669 940 712 vere
952 652 1095 714 laudandi.
1125 655 1197 713 Sunt

197 737 272 798 enim
286 753 393 796 summa
408 735 511 811 hodie,
532 733 636 812 quihus
650 733 809 796 illustratur
825 735 937 811 iorum,
951 737 1076 812 ingenia.
1111 735 1195 796 llam·
1236 745 1237 750 ’

198 837 254 899 que
288 829 319 880 et
346 817 532 878 consummati
557 817 612 878 iarn
638 817 751 896 patroni
778 818 927 878 veteribus
957 819 1135 881 aemulantur
1167 830 1198 880 et

197 921 250 964 eos
272 904 405 962 iuuenum
428 901 464 962 ad
487 902 593 979 optima
617 899 792 962 tendentium
812 902 937 962 imitatur
957 919 993 962 ac
1008 903 1141 981 sequitur
1154 905 1196 962 iu·

196 987 315 1047 dustria.

139 1079 190 1135 123
281 1070 458 1147 Supersunt,
484 1068 532 1146 qui
555 1067 591 1128 de
613 1067 856 1146 philosophia
879 1068 1065 1146 scripserint,
1094 1085 1151 1147 quo
1169 1071 1198 1129 in

197 1169 307 1230 genere
329 1152 519 1231 paucissimos
539 1150 632 1212 adhuc
654 1151 828 1228 eloquentes
849 1151 965 1212 litterae
987 1151 1134 1212 Romanae
1155 1161 1197 1212 tu·

196 1238 301 1298 lerunt.
336 1234 416 1296 Idem
435 1236 521 1312 igitur
546 1233 584 1294 ll.
602 1233 763 1311 Tullius,
784 1235 833 1312 qui
848 1235 971 1314 ubique,
996 1237 1081 1296 etiam
1097 1237 1126 1294 iu
1141 1235 1198 1297 hoc

197 1338 290 1399 opere
317 1317 445 1380 Platonis
474 1317 602 1379 aemulus
629 1319 732 1378 extitit.
774 1316 922 1396 Egregius
951 1335 1023 1378 vero
1049 1319 1198 1398 multoque

199 1421 282 1482 quam
305 1405 334 1463 iu
361 1401 540 1462 orationihus
565 1403 759 1479 praestantior
780 1400 912 1464 Brutus
936 1403 1052 1462 suffecit
1075 1403 1197 1480 ponderi

140 1492 306 1554 ltlrerum;
340 1487 417 1545 scias
442 1503 508 1546 eum
529 1486 638 1544 sentire
659 1503 733 1564 quae
757 1486 835 1545 dicit.
875 1486 999 1564 Scripsit
1018 1503 1076 1545 uon
1096 1503 1197 1565 parum
1228 1503 1229 1508 ¹

197 1570 283 1630 multa
300 1565 501 1630 Cornelius
517 1565 664 1644 Celsus,
685 1569 803 1630 Sextios
818 1578 947 1645 secutus,
965 1587 1023 1629 uon
1038 1571 1101 1629 sine
1120 1570 1198 1630 cultu

197 1653 354 1714 sonitore.
394 1652 541 1718 Plautus
563 1653 592 1711 iu
612 1652 719 1714 Stoicis
741 1671 837 1714 rerum
861 1653 1019 1730 cognitioni
1043 1653 1131 1712 utilis.
1167 1651 1198 1714 lu

196 1734 350 1816 Epicureis
366 1735 440 1796 leuis
461 1735 576 1817 quidem
598 1735 650 1795 sed
669 1753 726 1797 nou
739 1735 908 1798 iniucundus
924 1745 1018 1797 tamen
1034 1744 1137 1796 auctor
1155 1745 1199 1795 est

140 1819 332 1882 lintistino.
359 1818 405 1880 En
416 1820 554 1882 industria
569 1820 746 1885 Senecam
760 1822 790 1880 in
802 1821 877 1880 omni
888 1838 999 1897 genere
1012 1819 1198 1898 eloquentiae

196 1903 293 1966 distuli
304 1912 426 1984 propter
440 1903 585 1982 vulgatam
600 1903 676 1964 falso
691 1904 727 1965 de
742 1921 788 1964 me
803 1901 977 1982 opinionem,
995 1921 1050 1982 qua
1062 1903 1199 1964 damnare

197 1996 306 2050 sumet
326 1989 448 2048 invisum
471 2003 587 2066 quoque
607 1985 716 2048 hahere
732 2005 794 2047 sum
810 1987 946 2048 creditus.
986 1986 1071 2061 Quod
1093 1985 1200 2047 accidit

194 2070 273 2147 mihi,
294 2071 360 2132 dum
376 2080 542 2150 corruptum
558 2079 587 2130 ot
602 2069 733 2132 omnibus
745 2072 822 2130 vitiis
837 2070 957 2132 lradtum
975 2069 1090 2133 dicendi
1105 2087 1199 2146 genus

138 2168 189 2224 126
197 2172 338 2237 reuocare
359 2155 394 2216 ad
417 2156 566 2216 severiora
588 2155 692 2216 iudicia
714 2154 870 2214 contendo.
910 2153 981 2214 Tum
1003 2162 1099 2214 autem
1116 2154 1198 2214 solus

75 2239 81 2248 '
195 2240 242 2299 hic
258 2239 320 2300 iere
338 2239 366 2299 in
380 2237 509 2299 manibus
525 2236 752 2298 adolescentium
772 2237 834 2298 init.
870 2237 963 2312 Quem
983 2254 1040 2297 nou
1063 2237 1200 2315 equidem

196 2325 309 2383 omnino
328 2322 455 2384 conabar
478 2329 618 2382 excutere
636 2321 689 2384 sed
709 2320 871 2400 potioribus
890 2321 1032 2400 praeferri
1046 2337 1105 2380 non
1122 2321 1201 2380 sine·

194 2405 269 2485 barn,
288 2423 360 2485 quos
379 2405 428 2465 ille
444 2423 502 2466 uon
516 2405 666 2466 destiterat
681 2405 843 2482 incessere,
860 2419 923 2466 cum
934 2404 1042 2466 diversi
1057 2403 1114 2464 sibi
1131 2421 1201 2463 con·

194 2491 272 2548 scius
283 2489 401 2565 generis
412 2487 531 2567 placere
546 2506 580 2547 se
595 2490 623 2548 in
638 2487 760 2550 dicendo
772 2505 873 2567 posse,
890 2487 994 2567 quibus
1010 2486 1054 2549 illi
1068 2486 1201 2566 placent,

194 2571 347 2634 diffideret.
376 2570 517 2634 Amabant
533 2581 627 2633 autem
643 2591 707 2633 eum
725 2573 817 2650 magis
833 2587 918 2650 quam
933 2570 1115 2632 imitabantur
1138 2579 1201 2630 tan·

130 2709 132 2716 .
194 2665 310 2734 tumque
333 2656 368 2718 ab
384 2673 420 2718 eo
436 2653 616 2731 defluebant,
639 2664 773 2734 quantum
794 2654 845 2715 ills
867 2653 903 2715 ab
925 2656 1049 2734 antiquis
1075 2653 1201 2714 descen·

139 2748 185 2803 127
193 2739 284 2801 derat.
315 2736 405 2802 Foret
420 2741 493 2801 enim
510 2740 681 2818 optandum,
702 2757 789 2818 pares
807 2756 842 2799 ac
864 2737 967 2799 saltem
989 2739 1143 2818 proximos
1159 2736 1203 2796 illi

194 2826 257 2884 viro
274 2824 346 2884 lieri.
384 2824 443 2886 Sed
465 2822 600 2902 placebat
619 2832 741 2903 propter
760 2822 825 2882 sola
838 2823 906 2882 vitia
923 2830 953 2882 et
966 2821 1002 2882 ad
1019 2837 1054 2880 ea
1070 2839 1104 2880 se
1121 2822 1202 2899 quis·

196 2925 252 2984 que
264 2905 407 2985 dirigebat
419 2906 593 2984 ellingenda,
607 2923 681 2985 quae
692 2914 825 2986 poterat;
838 2904 941 2965 deinde
954 2922 1017 2964 cum
1029 2922 1062 2963 se
1075 2905 1203 2964 iactaret

135 2989 298 3050 liheodem
318 2989 405 3050 modo
429 2991 544 3066 dicere,
567 2991 709 3051 Senecam
728 2987 892 3050 infamabat.
933 2985 1021 3048 Cuius
1045 2996 1075 3048 et
1091 2986 1203 3046 multae
1239 3007 1241 3060 ι

194 3073 302 3152 alioqui
319 3083 349 3134 et
364 3092 483 3152 magnae
498 3075 619 3134 virtutes
634 3073 766 3150 fuerunt,
784 3073 928 3150 ingenium
942 3070 1030 3131 iucile
1048 3080 1079 3130 et
1097 3071 1203 3148 copio·
1239 3073 1241 3152 ζ

194 3176 273 3232 sum,
296 3157 447 3235 plurimum
471 3157 571 3232 studii,
593 3157 680 3218 multa
695 3173 791 3216 rerum
807 3156 949 3233 coguitio;
973 3155 1000 3213 in
1023 3171 1079 3232 qna
1103 3163 1205 3212 tamen
1239 3155 1241 3232 j

194 3240 347 3319 aliquando
364 3239 400 3300 ab
417 3240 478 3316 his,
495 3239 598 3318 quihus
613 3239 781 3320 inquirenda
798 3237 938 3317 quaedam
953 3234 1124 3312 maudahat,
1151 3235 1205 3296 de·

195 3333 296 3404 ceptus
313 3333 367 3384 est.
404 3324 549 3385 Tractavit
565 3325 649 3385 etiarn
665 3340 776 3384 omnem
790 3322 853 3382 iere
865 3320 1022 3382 studiorum
1036 3321 1205 3380 materiam.
1240 3329 1241 3402 ff

140 3414 188 3468 129
196 3406 267 3468 Nam
284 3417 312 3468 ct
328 3409 474 3468 orationes
493 3409 554 3468 eius
573 3417 602 3467 et
617 3415 753 3486 poemata
773 3415 802 3466 et
825 3404 967 3484 epistolae
983 3412 1012 3463 et
1027 3402 1141 3479 dialogi
1159 3401 1208 3461 ie·
1239 3405 1241 3458 i

194 3489 302 3550 runtur.
334 3490 366 3551 ln
382 3491 566 3572 philosophia
584 3508 683 3570 parum
699 3489 834 3566 diligens,
851 3489 987 3566 egregius
1002 3496 1097 3546 tamen
1110 3485 1208 3544 vitio·
1239 3485 1241 3496 ⁴
