2436 3956
316 220 404 269 mrsu.
420 220 758 286 onnnon.nre.vr1‚t.
1001 214 1037 274 11

63 374 136 451 ipsum
150 371 239 433 adhue
255 372 402 449 dividitur,
423 375 534 434 etiamsi
549 383 670 454 uterque
686 375 741 434 sibi
757 385 846 436 totum
861 376 1036 447 vindicaret:

61 475 120 515 nure
138 457 247 534 utique,
271 474 334 515 eum
357 456 431 516 alter
451 459 601 516 semissem
626 458 701 518 alter
722 461 855 518 universa
877 461 965 519 iratre
988 479 1037 520 ex·

58 539 137 597 eluso.
167 539 222 598 Sed
234 539 278 599 his
293 541 421 622 tractatis
437 542 522 599 etiam
534 539 622 600 babet
633 559 764 618 magnum
776 552 947 602 momentum
962 543 1038 621 apud

25 677 26 686 ,
56 621 152 680 iuliees
170 624 257 698 patris
274 623 428 697 memoria,
446 639 510 682 eum
526 626 697 700 praesertim
712 625 748 684 de
765 624 849 684 bonis
870 626 931 684 eius
949 644 1037 703 quae-

55 713 131 762 ratur.
165 703 225 764 Erit
240 722 312 782 ergo
329 707 512 780 coniectura,
531 704 593 778 Qua
612 715 707 765 mente
721 715 806 784 pater
820 709 971 766 intestatus
987 709 1036 768 de-

25 845 26 848 ,
55 785 182 847 senserit?
220 788 279 848 Sed
295 805 328 847 ea
345 790 470 865 pertinet
486 788 522 849 ad
539 788 721 865 qualitatem;
744 790 863 850 alterius
882 799 973 850 status
997 793 1037 850 iu·

54 877 223 930 stmmentum
243 879 298 930 est.
342 870 515 950 Plerumque
536 881 630 931 autem
653 873 680 930 in
696 871 752 932 lure
773 890 923 933 causarum
939 873 974 932 de
990 891 1037 932 ae·
1046 877 1080 930 63

55 953 149 1028 quitate
163 953 346 1029 tractabitur,
371 956 436 1032 quia
452 953 521 1013 nihil
534 953 669 1014 libentius
685 956 795 1015 iudices
810 957 935 1036 audiunt.
977 954 1037 1015 Ali-

55 1035 153 1110 quantlo
174 1044 267 1097 tamen
284 1037 360 1096 buno
384 1037 512 1098 ordinem
534 1037 652 1097 mutabit
669 1038 796 1114 utititas,
821 1048 867 1114 ut,
890 1039 915 1096 si
932 1040 960 1098 in
975 1041 1038 1098 inre

55 1117 132 1177 minus
146 1119 264 1180 tidneine
280 1121 351 1195 erit,
369 1121 514 1197 aequitate
529 1120 652 1180 iudieem
669 1139 885 1199 praeparemus.

125 1200 197 1261 Nihil
217 1203 304 1262 habui
332 1203 470 1281 amplius,
499 1202 575 1279 quod
595 1205 623 1262 in
643 1205 808 1263 universnm
826 1205 1036 1282 praeciperem.

25 1321 27 1324 -
55 1279 124 1342 liure
138 1303 230 1345 eamus
248 1304 302 1364 per
322 1287 450 1363 singulas
473 1303 622 1345 causarum
640 1286 811 1346 iudicialium
830 1296 944 1364 partes,
967 1305 1037 1365 quas
1047 1297 1081 1351 64

25 1427 26 1434 χ
57 1373 82 1422 ut
95 1371 221 1445 persequi
232 1368 268 1428 ad
283 1368 408 1428 ultimam
426 1369 570 1446 speeiem,
581 1365 614 1427 ‘id
630 1377 674 1428 est
690 1369 725 1429 ad
741 1369 869 1446 singulas
885 1369 950 1428 lites
970 1387 1037 1429 eon-

57 1451 272 1528 reversusque,
287 1466 344 1510 non
359 1468 493 1529 possum:
511 1452 548 1510 ita
564 1451 600 1510 de
611 1451 797 1529 generalibus
814 1451 944 1512 seribere
958 1453 1037 1527 lieet,

25 1571 29 1580 .
56 1538 93 1604 ut,
109 1534 216 1608 quaein
234 1551 379 1613 quemque
394 1542 496 1593 statum
512 1533 745 1611 frequentissime
760 1535 901 1611 incidant,
919 1537 1036 1594 tradam.

58 1606 177 1753 lltpquia
197 1619 408 1696 naturaiprima
431 1617 563 1695 quaestio
586 1625 648 1685 est,
670 1615 825 1677 Faetumne
849 1619 902 1694 sit,
929 1617 964 1677 ab
981 1617 1039 1677 hoo

61 1707 89 1750 nr
105 1713 145 1756 nr.

388 1849 430 1899 DE
450 1849 663 1901 conlocutus.

124 1943 158 2003 ll.
189 1943 423 2005 Coniectura
448 1945 540 2004 omnis
562 1953 609 2005 aut
629 1945 665 2004 de
686 1961 719 2002 re
741 1951 788 2002 aut
811 1942 846 2003 de
869 1943 961 2002 animo
983 1951 1037 2000 est.

57 2019 192 2104 lltriusqne
205 2031 260 2088 tria
275 2037 421 2106 tempora,
437 2029 639 2106 praeteritum,
656 2044 813 2106 praesens,
830 2027 964 2086 futurum.
993 2025 1038 2085 De

56 2121 82 2163 re
96 2116 121 2166 et
134 2113 287 2185 generales
304 2112 489 2188 quaestiones
502 2119 567 2170 sunt
583 2119 612 2170 et
626 2111 775 2186 delinitae,
796 2110 823 2169 id
840 2119 899 2184 est,
920 2117 952 2168 et
964 2126 1038 2186 quae

57 2195 171 2262 personis
193 2212 251 2254 uon
279 2195 460 2254 eontinentur
485 2203 513 2253 et
538 2211 613 2272 quae
639 2194 843 2252 continentum·
873 2192 918 2251 lle
944 2193 1065 2250 animet

59 2275 142 2345 quaeri
160 2294 214 2336 non
234 2286 349 2356 potest,
371 2278 426 2336 nisi
440 2276 488 2337 ubi
508 2294 634 2356 persona
651 2284 697 2335 est
714 2285 742 2335 et
763 2275 799 2334 de
819 2275 897 2334 laeto
915 2283 1037 2332 constat.

58 2348 139 2432 Ergo,
157 2377 217 2419 eum
229 2362 266 2420 de
282 2379 314 2420 re
330 2361 442 2437 agitur,
465 2369 512 2421 aut
531 2353 598 2438 quid
618 2359 725 2419 laetum
740 2359 793 2434 sit,
812 2360 840 2416 in
859 2357 973 2416 dubium
989 2374 1038 2415 ve·

57 2435 103 2511 nit,
125 2450 168 2500 aut
188 2446 254 2521 quid
277 2444 342 2520 liat,
370 2452 417 2504 aut
441 2443 507 2522 quid
526 2445 564 2502 sit
585 2443 723 2503 futurum:
745 2450 775 2501 ut
798 2442 826 2500 iu
841 2439 1038 2518 generalibus,

60 2513 97 2578 An
119 2532 281 2589 atomormn
302 2545 455 2589 conenrsn
481 2529 614 2588 mundns
637 2527 676 2586 sit
697 2523 843 2608 effeetus?
874 2542 915 2584 on
933 2523 1039 2602 proni-

60 2600 147 2665 tientiu
160 2612 307 2688 reputer?
323 2611 418 2671 arisit
432 2610 600 2688 aliquando
615 2609 772 2670 easnrnr?
793 2609 821 2666 in
836 2606 974 2666 definitis:
991 2605 1040 2666 An

55 2689 243 2759 namnetum
258 2694 439 2756 commiserit
451 2693 602 2754 lioreine?
616 2690 664 2752 An
681 2711 808 2768 regnum
819 2690 939 2772 affectet
949 2687 1039 2748 lilon-

57 2765 125 2830 lius?
143 2771 188 2835 An
203 2786 286 2839 recte
301 2775 426 2838 Verrem
440 2779 479 2838 rit
490 2783 697 2837 monstraturus
714 2772 749 2846 Q.
758 2771 932 2834 Caecilius?
954 2771 986 2831 ln
997 2772 1067 2837 iu-3

58 2845 126 2912 ditiis
139 2862 323 2933 praeteritum
339 2869 450 2939 tempus
466 2860 589 2919 maxime
604 2858 697 2926 valet;
714 2873 797 2917 nemo
815 2857 889 2915 enim
909 2862 1040 2930 aoousat,

25 2973 27 3022 ξ
58 2931 102 2991 nisi
118 2954 189 3014 quae
210 2943 285 3003 laeta
307 2953 381 3002 suut.
424 2942 495 3003 Nam
516 2960 589 3020 quae
611 2941 679 3002 liant
701 2949 730 3000 et
754 2957 828 3018 quae
853 2939 947 2999 lutura
972 2938 1038 3010 sint,

58 3029 89 3072 tt
107 3027 264 3097 praeteritis
288 3025 471 3103 colliguntur.
508 3025 662 3098 Quaeritur
682 3034 712 3085 et
731 3022 813 3083 Unde
834 3022 902 3102 quid
925 3016 1039 3080 ortum?

58 3104 83 3154 ti
93 3109 256 3177 pestilentia
274 3144 316 3154 -
331 3111 382 3171 iro
395 3111 485 3172 denm
497 3125 538 3170 an
551 3109 729 3186 intemperie
742 3107 818 3169 coeii
831 3127 872 3168 un
888 3104 1041 3182 corruptis

58 3185 136 3256 ‘iltis
156 3187 196 3251 en
215 3195 307 3255 nonio
328 3201 432 3266 terrae
452 3193 572 3254 inlitu?
614 3190 651 3252 llt
671 3189 752 3264 Quae
774 3207 861 3250 eausa
881 3184 972 3248 laotil
998 3194 1039 3260 ut,

61 3258 152 3356 Quare
177 3276 219 3335 orl
249 3275 371 3338 Troiam
400 3276 620 3354 qninquaginta
643 3293 733 3354 repes
760 3273 973 3350 navigaverint
1001 3301 1039 3312 —-

61 3353 246 3440 rnreinrando
261 3360 368 3421 adacti
382 3377 424 3420 an
443 3360 580 3438 enempio
590 3359 662 3418 moti
676 3375 718 3418 an
731 3355 942 3434 gratificantes
956 3349 1039 3412 Atri-

63 3427 121 3492 dtt?
141 3454 213 3516 quae
225 3441 281 3501 duo
295 3461 404 3520 genera
419 3459 475 3502 nou
490 3438 697 3501 multum'iuter
712 3459 745 3499 se
759 3440 873 3499 distant.
901 3435 945 3495 Ea
958 3447 1041 3512 vero,
1052 3439 1075 3516 l·
