2508 3958
311 219 401 268 rusa.
420 217 568 268 aaaron.
582 218 650 265 urs.
663 217 722 283 v11,
742 216 765 266 ι.
899 242 903 250 -
1028 205 1047 267 3

70 374 209 452 ambigitur,
226 374 393 434 coniectura
411 381 465 432 est.
498 370 613 430 Interim
624 388 695 430 veno
713 378 741 429 et
756 372 871 430 tertium
884 372 1078 441 confessum&

68 467 114 534 ast,
133 458 276 518 adulteros
299 457 400 517 fuisse.
431 454 496 516 Sed
509 457 579 531 tibi,
605 456 695 532 inquit
716 463 886 531 aecusator,
907 456 974 516 iiior
988 474 1049 517 uon

64 543 134 600 licuit
147 542 289 602 occidere
295 562 309 612 ;
325 540 398 600 esui
413 541 491 598 coint
510 557 593 612 eras,
609 547 656 596 ant
671 539 897 621 ipnnrniur'osue.
926 537 971 597 De
988 541 1049 606 iure

61 625 202 701 qrraeritur.
244 624 283 683 Αι
309 625 334 682 si
365 622 495 701 protinus
522 621 628 680 dicenti
662 619 810 681 Occidisti
839 622 1050 699 respondeatur

63 705 120 767 Non
133 709 246 768 occidi.-
263 707 356 766 statim
371 722 468 783 pugna
484 713 538 762 est.
569 704 600 763 Si
618 703 828 782 explorandum
844 713 898 779 est,
918 704 964 764 nbi
981 723 1049 764 eon-

62 791 189 850 troversia
210 791 343 868 incipiat:
367 798 396 848 et
414 788 591 848 considerari
612 787 716 862 debet,
739 787 807 866 quid
825 790 942 865 primam
963 806 1049 866 quae-

64 874 174 932 stionem
188 873 285 934 faeiat.
317 871 440 932 Intentio
459 871 600 948 simplex:
626 869 746 931 Occidit
767 869 969 931 Saturninum
985 871 1079 941 liu-9

63 955 165 1022 binius:
186 958 353 1016 coniuncta:
376 954 457 1034 Leuc
479 957 518 1014 de
539 955 664 1014 sicariis
682 955 828 1015 commisit
843 953 878 1014 t.
899 953 1048 1016 Vorenus.

60 1035 130 1100 Noun
148 1038 179 1099 C.
206 1038 360 1101 Varenum
377 1039 577 1100 occidendum
593 1047 622 1098 et
640 1035 694 1098 Cura
717 1035 871 1099 Varenum
882 1041 1050 1100 orrlncrcn-

61 1121 123 1181 dum
144 1133 170 1182 et
185 1123 344 1183 Solarium
366 1124 437 1184 item
457 1123 667 1186 occidendum,
682 1122 811 1182 curavit.
847 1120 918 1181 Nam
944 1124 988 1182 sic
1009 1123 1050 1183 di-

60 1221 152 1264 rersae
167 1207 384 1284 propositiones
398 1214 495 1272 erunt;
512 1204 589 1281 qnod
604 1204 680 1263 idem
693 1205 730 1264 de
746 1204 932 1282 petitionibus
945 1205 1050 1264 dietum

60 1288 99 1344 sit.
125 1287 230 1349 Verum
247 1308 285 1349 ex
301 1290 452 1348 coniuncta
472 1287 674 1364 propositione
696 1288 795 1365 plures
817 1304 884 1346 esse
905 1291 1050 1365 quaestio·

59 1385 103 1427 nes
129 1389 161 1431 ao
185 1382 276 1432 status
302 1374 439 1450 possunt,
467 1373 492 1429 si
518 1371 593 1431 aliud
620 1379 706 1448 negat
733 1389 800 1430 reus
825 1370 902 1431 aliud
923 1371 1052 1432 defendit

59 1451 125 1510 aliud
140 1471 155 1512 a
170 1457 232 1513 iure
253 1456 376 1513 aetionis
392 1453 528 1511 excludit.
567 1453 598 1510 ln
623 1471 680 1530 qno
704 1472 815 1531 genere
836 1455 933 1532 agenti
950 1463 994 1514 est
1010 1455 1050 1514 di-

59 1534 234 1612 spiciendum,
253 1536 320 1613 quid
337 1553 453 1613 quoque
470 1535 537 1593 loeo
556 1535 654 1594 diluat.

132 1618 214 1691 Quod
232 1621 361 1698 pertinet
377 1619 412 1678 ad
433 1627 571 1690 actorem,
589 1633 645 1676 non
659 1619 744 1696 plane
760 1619 899 1680 dissentio
918 1638 933 1679 a
949 1618 1049 1695 Celso,
1062 1629 1094 1682 10

63 1701 178 1772 quisine
207 1702 297 1762 dubio
326 1700 498 1761 Ciceronem
526 1711 643 1759 secutus
666 1704 751 1762 instat
773 1711 867 1762 tamen
888 1703 954 1763 huie
977 1705 1051 1781 parti

65 1779 258 1859 tebementius,
278 1793 308 1842 ut
323 1793 420 1863 putet,
436 1785 528 1861 primo
546 1784 655 1842 lirmum
670 1785 775 1862 aliquid
793 1803 860 1844 esse
876 1786 1049 1864 ponendum,
1132 1835 1136 1844 ,

59 1859 154 1925 summ'o
176 1869 386 1942 lirmlssimum,
407 1866 599 1944 imbecilliora
619 1867 733 1943 medio,
756 1870 821 1945 quia
843 1877 872 1926 et
895 1871 974 1926 initio
992 1885 1051 1926 mo-

57 1947 153 2008 vendus
170 1954 206 2010 sit
224 1951 314 2010 index
332 1960 362 2009 ει
377 1965 485 2008 summo
502 1948 704 2024 impellendus.
735 1950 774 2008 Αι
789 1967 843 2028 pro
859 1968 911 2010 reo
926 1952 1050 2029 plerurf·
1062 1961 1094 2013 11

57 2043 105 2102 que
127 2035 330 2106 gravissimum
351 2032 477 2109 quidque
501 2032 620 2108 primum
640 2033 810 2093 movendum
833 2043 894 2109 est,
921 2053 957 2094 ne
982 2033 1051 2094 illud

57 2121 180 2186 spectans
198 2116 289 2175 iudex
312 2114 490 2191 reliquorum
511 2113 674 2174 defensioni
702 2118 739 2176 sit
759 2119 900 2176 aversior.
937 2117 1052 2176 interim

55 2199 139 2254 tamen
162 2207 191 2258 et
219 2198 280 2258 hoc
303 2197 471 2272 mutabitur,
494 2197 519 2255 ei
541 2197 651 2258 leviora
673 2198 723 2258 illa
746 2199 840 2277 palam
861 2200 934 2260 falsa
957 2209 1050 2274 erunt,
1140 2237 1142 2242 .
1189 2243 1192 2252 ,

56 2280 206 2347 gravissimi
226 2281 364 2341 defensio
386 2280 547 2356 diffieilior,
570 2290 600 2339 ut
624 2281 753 2342 detracta
775 2285 854 2360 prius
876 2284 1050 2342 accusatori·

54 2354 100 2416 bus
115 2359 166 2423 ilde
182 2365 392 2442 aggrediamur
406 2364 543 2444 ultimum,
561 2365 616 2423 iam
632 2363 772 2424 iudicibus
789 2366 881 2426 omnia
895 2384 968 2426 vana
984 2384 1052 2425 esse
1140 2365 1146 2372 ’

54 2443 239 2506 credentibus.
279 2445 360 2524 Opus
377 2447 432 2505 erit
452 2456 546 2506 tamen
563 2449 759 2525 praefatione,
779 2466 833 2526 qua
850 2459 879 2509 et
894 2450 967 2509 ratio
985 2449 1051 2509 red·

54 2521 124 2585 datur
138 2529 221 2590 dilati
241 2531 370 2590 oriminis
390 2539 419 2588 et
435 2531 615 2607 promittatur
632 2531 775 2608 defensio,
792 2551 827 2591 ne
844 2533 883 2608 id,
902 2533 979 2610 quod
994 2550 1052 2591 non
1110 2605 1113 2609 Ι

54 2611 135 2670 rtatim
153 2612 319 2688 diluemus,
343 2615 444 2672 timere
466 2614 621 2673 videamur.
663 2615 826 2675 Anteaetae
841 2618 918 2675 vitae
934 2618 1092 2679 criminata

51 2689 213 2774 plerumque
236 2699 331 2775 prima
353 2695 500 2774 pungenda
523 2706 604 2771 sunt,
626 2706 656 2755 ut
672 2698 716 2772 id,
739 2699 776 2758 de
797 2715 854 2776 qno
876 2698 984 2758 laturus
1006 2707 1052 2758 est

50 2782 211 2839 sententiam
229 2780 332 2853 iudex,
352 2780 451 2839 audine
467 2781 608 2858 propitius
624 2781 751 2858 incipiat.
791 2782 849 2842 Sed
860 2781 917 2841 boe
933 2799 1050 2861 quoqne

50 2871 95 2929 pro
113 2859 232 2922 Vareno
255 2860 367 2922 ¹Cicero
391 2863 418 2920 in
440 2863 568 2922 ultimum
594 2862 721 2940 distulit,
737 2882 811 2941 non,
830 2863 898 2944 quid
915 2865 1050 2944 frequen-

49 2939 149 3004 tissime
165 2947 231 3022 sed,
250 2945 322 3025 quid
338 2954 395 3004 tnm
411 2947 574 3023 expediret,
590 2947 716 3006 intuitus.

124 3026 196 3087 Cum
215 3028 347 3107 simplex
362 3030 482 3088 intentio
498 3031 567 3088 erit:
588 3029 741 3090 videndum
759 3041 819 3106 est,
842 3049 925 3090 unum
944 3032 1093 3110 atiqutdm

47 3112 272 3187 respondeamus
292 3115 330 3171 an
347 3112 439 3189 plura.
484 3114 514 3171 Si
534 3129 636 3172 unum:
658 3115 739 3173 inre
756 3117 955 3192 quaestionem
972 3117 1050 3173 insti·

48 3195 148 3252 tnamus
165 3214 202 3255 an
219 3196 249 3254 in
272 3195 401 3272 scripto;
425 3195 449 3253 si
464 3196 492 3253 in
507 3212 554 3254 re:
571 3196 731 3272 negandum
747 3199 800 3272 sit,
825 3198 902 3275 qdod
918 3196 1052 3257 obiicitur

35 3285 79 3331 „an
93 3278 244 3347 tuendum:
265 3279 293 3336 si
311 3279 482 3356 inscripto:
505 3279 532 3336 in
551 3295 605 3355 qua
621 3281 722 3357 speeie
738 3281 807 3340 iuris
828 3298 923 3358 pugna
945 3281 997 3354 sit,
1021 3287 1050 3339 et

52 3353 74 3412 iu
86 3377 117 3420 ea
137 3362 174 3421 de
192 3361 298 3420 verbis
317 3377 351 3419 an
368 3361 404 3421 de
422 3360 570 3421 voluntate
588 3372 752 3441 quaeratur.
784 3362 816 3422 ld
833 3365 871 3422 ita
890 3379 1049 3439 conseque·
1059 3369 1107 3425 14'

54 3449 112 3519 nur,
131 3447 154 3502 si
170 3444 268 3504 intuiti
287 3442 443 3520 fuerimus,
468 3461 542 3523 quae
557 3445 594 3503 sit
609 3444 677 3522 lex,
697 3463 772 3524 quae
788 3445 980 3586 literp*faoiat,
993 3443 1050 3504 boo
