2494 3952
187 225 246 288 til
431 275 440 284 .
506 231 543 280 u.
558 230 636 280 sss.
653 227 874 289 porussorum

184 392 250 466 siut,
267 405 341 468 quae
356 387 384 450 iu
399 393 520 446 auctore
536 402 652 464 quoque
665 383 823 463 praecipua
836 383 938 444 virtus.
972 381 1030 444 Sed
1045 384 1187 462 persequi

141 473 314 551 assiugulos
335 471 434 531 infiniti
451 470 540 530 luerit
555 469 665 546 operis.
705 465 820 545 Quippe
836 483 900 526 cum
915 467 944 526 iu
956 465 1045 526 Bruto
1061 465 1099 526 lt.
1115 465 1185 528 'lul-

182 560 237 618 lius
251 563 295 616 tot
316 552 430 614 milibus
455 569 591 612 versuum
612 550 648 612 de
669 550 804 610 Romanis
827 557 935 610 tautum
956 548 1120 610 oratoribus
1141 549 1187 610 lo·

183 648 288 720 quatur
307 647 446 698 ettamen
461 636 497 696 de
513 635 644 696 omnibus
660 636 763 696 aetatis
779 651 861 708 suae,
874 631 1044 712 quibuscum
1057 632 1202 711 vivebat,

183 724 316 802 exceptis
337 719 465 781 Caesare
480 729 567 798 etque
582 717 740 792 llarcello,
757 717 902 777 silentium
917 717 1027 794 egerit:
1050 717 1117 794 quis
1133 718 1191 777 erit

183 808 295 883 modus,
318 805 344 865 si
362 813 392 864 el
405 804 473 864 illos
489 812 519 864 et
534 803 583 882 qui
601 810 706 880 postea
720 803 835 862 luerunt
850 809 880 860 et
895 799 1024 862 Graecos
1040 816 1144 860 omnes
1160 809 1192 860 et

136 887 396 970 39philosoplmsi
431 886 495 948 suu
515 888 602 963 igitur
622 885 749 946 brevitas
766 884 816 946 illa
839 884 997 959 tutissima,
1021 902 1097 963 quae
1112 885 1190 963 apud

181 974 290 1035 Livium
305 974 333 1032 iu
349 971 474 1050 epistola
491 970 527 1031 sd
542 969 630 1028 lilium
645 970 769 1047 scripte,
799 969 942 1046 leyendor
956 965 1190 1030 Demosthenem

182 1064 273 1135 atque
288 1053 482 1129 Ciceronem,
505 1061 567 1114 tum
585 1053 645 1128 ito,
666 1060 700 1114 ut
713 1054 839 1130 quisque
854 1059 932 1114 esset
945 1049 1146 1112 Demostheni
1161 1047 1191 1112 c't

136 1139 323 1203 dedicemur·
338 1139 520 1199 emittimus.
544 1133 609 1195 Non
625 1143 776 1196 esttamen
787 1133 992 1197 dissimulande
1007 1134 1102 1194 nostri
1116 1151 1188 1213 quo·
1230 1153 1231 1166 ¹

183 1240 239 1301 que
255 1221 351 1282 iudicii
366 1237 484 1280 summe.
521 1217 634 1280 Paucos
650 1220 724 1280 euim
738 1218 787 1278 vel
803 1219 899 1297 potius
915 1219 965 1277 vix
983 1216 1073 1277 ullum
1088 1235 1128 1278 ex
1145 1216 1188 1277 luis

124 1299 127 1306 ’
182 1308 230 1384 qui
241 1313 414 1378 vetustatem
429 1301 610 1381 pertulerunt
626 1305 759 1364 existimo
775 1318 866 1380 posse
881 1302 1016 1379 reperiri,
1032 1301 1101 1378 quin
1116 1301 1187 1362 iudi·

182 1391 255 1448 cium
271 1386 472 1449 adhibentibus
488 1385 627 1446 allaturus
649 1387 687 1446 sit
701 1384 830 1447 utilitatis
845 1383 971 1463 aliquid,
994 1401 1060 1444 cum
1085 1402 1119 1445 se
1142 1381 1187 1444 Gi·

182 1488 252 1532 cero
269 1470 305 1532 eb
321 1470 379 1531 illis
395 1486 511 1547 quoque
524 1470 726 1528 vetustissimis
742 1468 924 1542 auctoribus,
947 1468 1110 1546 ingeniosis
1127 1469 1187 1546 qui·

182 1555 246 1614 dem
272 1553 325 1613 sed
347 1561 410 1613 arte
432 1551 613 1628 carentibus,
634 1553 785 1631 plurimum
806 1552 931 1612 fateatur
950 1551 1086 1610 adiutum.
1125 1550 1189 1610 Nec

144 1637 269 1700 llmulto
288 1636 364 1697 allud
388 1635 425 1695 de
442 1637 525 1695 novis
546 1637 651 1695 sentio.
691 1635 802 1709 Quotus
824 1637 899 1695 enim
921 1635 1045 1712 quisque
1064 1635 1188 1696 inveniri
1229 1649 1231 1670 ¹

181 1730 238 1780 tam
261 1719 379 1780 demens
401 1727 515 1798 potest,
545 1720 593 1796 qui
620 1736 657 1778 ne
683 1720 795 1780 minima
820 1717 934 1796 quidem
956 1717 1079 1794 alicuine
1106 1725 1188 1778 certe

153 1829 160 1849 ·
182 1803 286 1866 fiducia
301 1804 391 1882 partis
411 1803 577 1864 mennonium
592 1803 771 1881 posteritatis
787 1797 968 1881 speraverit?
1004 1799 1062 1874 oui
1082 1801 1187 1879 siquis

183 1895 243 1947 est:
267 1887 340 1947 intra
360 1887 469 1965 primos
492 1887 586 1946 statim
606 1903 709 1944 uersus
731 1884 965 1964 deprehendetur
986 1891 1016 1944 et
1033 1883 1119 1944 citius
1134 1900 1186 1944 nus

182 1970 314 2046 dimittet,
332 1985 415 2047 quam
431 1978 461 2029 ut
476 1971 539 2030 eius
557 1968 640 2029 uobis
655 1985 760 2046 magno
776 1969 914 2046 temporis
928 1967 1101 2027 detrimento
1119 1985 1186 2027 con·

133 2061 237 2114 ¹distet
259 2053 497 2131 experimentum.
540 2051 600 2112 Sed
620 2068 678 2112 nou
699 2051 835 2130 quidquid
862 2051 898 2111 ad
923 2051 1048 2128 aliquam
1074 2059 1187 2130 partem

183 2137 322 2196 scientiae
338 2137 481 2215 pertinet,
503 2136 634 2213 protinus
659 2133 695 2196 ad
718 2135 879 2197 faciendum
896 2135 982 2195 etiam
998 2133 1130 2212 phrasin,
1151 2133 1186 2194 de

183 2237 238 2298 qua
253 2219 417 2327 loquimur,
433 2217 689 2280 accommodatum.

72 2331 76 2340 ¹
175 2345 178 2348 -
247 2301 373 2362 'Verum
390 2311 541 2379 autequam
553 2301 590 2362 de
605 2299 727 2378 siugulis
743 2300 857 2380 loquer,
873 2318 965 2378 pauca
981 2302 1188 2362 inuniversum

132 2385 217 2447 43de
234 2387 374 2454 uarietate
393 2386 558 2462 opinionum
573 2385 694 2446 dicende
711 2394 784 2444 suut.
821 2382 893 2444 Nam
908 2384 1022 2461 quidam
1037 2383 1122 2444 solos
1139 2402 1187 2444 ue·

182 2477 261 2528 teres
278 2467 420 2545 legendos
437 2477 536 2545 putant
550 2485 646 2546 neque
661 2469 689 2528 iu
707 2467 774 2528 ullis
786 2467 851 2528 aliis
866 2485 935 2526 esse
949 2466 1111 2528 naturalem
1127 2468 1188 2528 elo·

183 2552 326 2628 quentiam
345 2558 373 2610 et
386 2550 475 2610 robur
489 2551 559 2610 viris
575 2551 689 2627 dignum
701 2551 887 2620 arbitrantur;
903 2551 977 2612 alios
992 2568 1100 2610 recens
1114 2551 1188 2610 haec
1230 2585 1231 2596 κ

183 2635 301 2694 lascivia
319 2634 501 2712 deliciaeque
523 2642 552 2694 et
576 2635 670 2694 omnia
691 2634 726 2695 ad
741 2634 919 2713 voluptatem
934 2633 1123 2696 multitudinis
1139 2635 1187 2694 im·

134 2728 174 2780 44
184 2719 294 2796 peritae
317 2720 479 2797 composita
505 2717 660 2778 delectant.
696 2717 829 2796 lpsorum
850 2718 936 2778 etiam
952 2719 1000 2796 qui
1018 2726 1133 2778 rectum
1149 2716 1188 2777 di·

184 2800 268 2860 ceudi
282 2819 376 2878 genus
392 2803 475 2879 sequi
492 2801 593 2861 volunt
608 2801 656 2861 alii
671 2818 773 2879 pressa
789 2801 900 2862 demum
917 2809 947 2860 et
958 2802 1056 2861 tenuia
1072 2810 1103 2860 et
1114 2817 1189 2879 quae

182 2884 324 2944 minimum
339 2883 375 2946 ab
391 2902 444 2943 usu
462 2885 606 2944 cotidiano
624 2884 778 2960 recedant,
800 2901 869 2944 seua
887 2892 916 2944 et
933 2902 1005 2947 vere
1021 2883 1121 2946 Attica
1138 2901 1187 2962 pu·

183 2975 256 3036 tant;
274 2967 412 3044 quosdam
429 2965 535 3028 elatior
551 2969 658 3044 ingenii
677 2967 720 3028 vis
739 2976 768 3028 et
780 2969 873 3046 magis
888 2968 1032 3028 concitata
1049 2976 1080 3028 et
1101 2967 1188 3046 plena

183 3049 301 3128 spiritus
317 3051 410 3130 caplt;
427 3059 492 3110 suut
512 3052 597 3110 etiam
613 3050 687 3110 leuis
705 3058 734 3111 et
749 3051 829 3111 nitidi
849 3058 878 3112 et
894 3053 1048 3128 compositi
1068 3051 1196 3129 generis-

183 3149 240 3194 uou
255 3135 341 3213 perci
356 3143 509 3194 amatores.
541 3132 586 3194 De
608 3141 665 3212 qua
677 3134 838 3195 differentia
851 3134 989 3195 disseram
1006 3133 1185 3212 diligentius,

78 3215 81 3222 '
183 3235 248 3278 cum
263 3217 300 3278 de
315 3235 426 3296 genera
444 3217 558 3279 dicendi
573 3217 767 3296 quaerendum
783 3219 847 3278 erit.
882 3216 999 3278 luterim
1015 3218 1186 3293 summatim,

184 3301 251 3377 quid
270 3310 300 3361 et
315 3319 331 3363 a
349 3318 405 3379 qua
421 3300 548 3365 lectione
570 3309 673 3380 petere
690 3301 819 3380 possint,
839 3302 888 3380 qui
907 3301 1080 3362 confirmare
1096 3295 1187 3364 lacul-

137 3391 271 3444 ‹lstatem
286 3385 399 3446 dicendi
414 3385 528 3461 volent,
550 3385 697 3464 attingam.
734 3384 847 3444 Paucos
871 3385 946 3444 euim
962 3383 1043 3462 (suut
1059 3385 1188 3446 eminen-

182 3466 299 3548 tissimi)
317 3485 480 3547 excerpere
496 3469 526 3528 iu
547 3468 639 3528 animo
660 3477 714 3528 est.
744 3465 845 3528 Facile
861 3476 906 3528 est
921 3476 1014 3528 autem
1035 3467 1190 3546 studiosis,
