2494 3952
181 211 237 271 116
273 196 278 204 '
491 221 863 280 u.unn.ou1ns1u1nn1

175 378 306 438 instruit.
350 373 394 436 i'u
410 393 517 450 eoves,
537 394 576 435 ne
595 375 782 438 consultores
794 379 857 445 ieie
881 378 948 454 iiie,
964 397 1003 438 ne
1015 379 1104 440 order
1120 387 1167 441 out

134 469 282 523 ddcostro
297 460 470 537 cupiantur.
502 459 561 519 Sed
577 457 631 518 hac
647 461 739 536 gratio
757 477 814 519 uon
829 461 882 520 iuit
898 469 1051 521 contentus
1067 471 1166 539 orator,

175 545 261 603 vertit
282 545 311 602 in
339 544 511 603 contrarium
528 541 648 602 eandem
664 543 798 620 figuram:
826 543 883 606 itte
901 552 982 606 tenet
1003 549 1119 623 eiecit,
1141 555 1168 607 ut

176 629 303 690 hostium
317 630 443 706 copioe;
464 635 512 702 to,
525 633 557 686 ut
571 644 671 705 aquae
681 627 806 705 plocioe
816 639 996 690 arceamur.
1017 627 1074 691 ilie
1089 649 1169 692 ecer-

133 714 288 773 aict'tatur
312 714 344 772 iu
366 711 580 790 propopondis
600 711 728 788 finibus,
750 714 834 773 tuin
854 715 1012 791 rependis.
1055 713 1170 774 Possunt
1218 787 1219 792 ἵ

176 796 269 856 medie
288 812 404 874 quoque
423 795 604 874 respondere
620 794 669 854 vel
685 796 799 873 primis:
821 805 852 856 ut
1218 798 1219 836 ¹

264 878 423 940 Tenemus
437 877 615 958 Ampoitioe,
635 881 733 939 uitreo
753 887 782 941 te
798 878 931 941 Fucinus
946 882 1051 950 undo;

175 963 224 1021 vel
240 963 359 1022 ultimis:
372 961 458 1024 Haec
471 963 561 1023 nomo
575 971 683 1024 onttsto
696 965 820 1040 proedo
835 962 1008 1041 Siciliensi,
1026 967 1171 1042 cumipse
1218 979 1219 1014 ὲ

176 1064 293 1125 quoque
318 1053 396 1107 esset
415 1064 456 1107 ec
477 1046 610 1124 proedo.
658 1045 720 1106 Neo
749 1048 897 1125 quisquam
921 1047 1075 1124 dubitabit,
1101 1049 1171 1108 idem

176 1131 239 1188 deri
264 1145 354 1208 posse
375 1130 483 1189 iteratis
506 1131 638 1208 utrinque
658 1129 770 1190 mediis.
816 1130 1005 1210 Respondent
1026 1133 1124 1210 primis
1146 1142 1172 1192 et

176 1213 289 1273 ultima:
313 1211 400 1274 Mutet
419 1224 448 1275 ct
463 1232 576 1290 proces
596 1215 717 1277 dolores
737 1217 850 1276 inuenti
862 1215 1042 1293 parentibus
1059 1224 1087 1277 et
1105 1235 1174 1294 pro·

134 1305 167 1360 35
175 1299 298 1376 pinquis
319 1299 411 1361 molti.
453 1296 506 1357 Est
529 1307 557 1356 et
579 1297 648 1357 illud
673 1297 824 1376 repetendi
848 1317 956 1378 genus,
984 1300 1063 1377 quod
1085 1300 1171 1360 semel

176 1382 426 1460 proposita-iterat
441 1391 470 1440 et
487 1381 600 1441 dividit:
708 1387 718 1419 ‘

258 1463 377 1542 Iphitus
393 1473 422 1526 ot
437 1463 538 1526 Pelias
558 1484 690 1541 mecum,
713 1483 840 1544 quotum
857 1463 976 1543 lpidus
996 1485 1073 1528 oeoo
1217 1483 1219 1558 p

259 1547 328 1610 Iam
341 1550 484 1626 praetor,
506 1546 608 1610 Pelias
629 1557 656 1612 et
671 1551 796 1613 coluere
816 1553 926 1612 turdos
947 1548 1037 1611 Ulixi.
1139 1595 1145 1602 .
1218 1563 1219 1580 ’

173 1622 332 1704 Ἐπᾶνοδος
356 1632 458 1691 dieitur
484 1631 612 1709 Graece,
639 1634 729 1692 nostri
758 1635 1038 1711 regressionem
1059 1643 1171 1694 vocant.

134 1709 236 1778 36Neo
253 1714 346 1774 solum
360 1717 388 1774 in
405 1714 507 1776 eodem
522 1734 609 1776 sensu
624 1717 676 1777 sed
693 1717 777 1778 etiam
792 1719 820 1778 in
837 1717 953 1777 diverso
970 1718 1072 1778 eedem
1086 1718 1173 1778 verbo

101 1871 107 1882 Ι
177 1808 294 1858 contra:
317 1797 494 1878 Principum
510 1802 642 1879 dipuitoe
661 1810 728 1862 erat
742 1819 842 1879 poene
857 1819 935 1879 por,
955 1821 1015 1864 non
1028 1820 1093 1880 par
1111 1803 1174 1882 for·
1217 1823 1219 1866 t

148 1891 258 1964 ,tasse
278 1902 399 1963 eorum,
426 1887 479 1963 qui
502 1887 714 1963 sequebantur.
762 1883 878 1944 Interim
905 1887 1032 1945 variotur
1060 1886 1173 1946 casibus
1216 1867 1219 2010 ¹

175 1965 249 2026 haec
273 1976 302 2026 et
326 1968 482 2045 generibus
504 1969 686 2028 retractatio:
711 1965 844 2048 Mopsus
864 1975 908 2029 est
931 1969 1019 2030 labor
1041 1969 1174 2044 dicendi,
1217 2021 1219 2046 ,

175 2068 287 2127 mappa
307 2071 358 2112 res
377 2062 439 2121 est,·
463 2061 491 2112 et
514 2053 589 2130 apud
604 2051 739 2113 Rutilium
756 2051 843 2128 longa
863 2049 1006 2136 περιόδῳ,
1032 2053 1087 2112 sed
1104 2053 1175 2114 heco
1218 2047 1219 2052 ’

176 2134 254 2192 initia
271 2137 475 2196 sententiarum
483 2145 570 2196 sunt:
590 2134 683 2196 Potor
701 2136 751 2197 dic
764 2138 856 2196 tuos?
880 2145 1002 2213 patrem
1016 2155 1102 2198 nunc
1119 2155 1174 2214 op·

133 2226 166 2282 st
175 2218 296 2294 peltas?
315 2223 414 2296 patris
429 2222 473 2280 tui
487 2220 568 2298 filiios
584 2221 637 2281 es?
678 2217 724 2279 Fit
740 2219 853 2279 casibus
869 2222 955 2282 modo
974 2219 1031 2281 hoc
1047 2221 1174 2295 schemo,

177 2301 253 2380 quod
269 2298 459 2364 πολύπτωτον
478 2313 592 2364 vocant.
636 2305 777 2364 Constant
793 2313 821 2362 et
836 2303 900 2362 n'liis
917 2305 1000 2363 etiam
1018 2305 1128 2363 modis:
1147 2311 1175 2362 ut

176 2402 229 2462 pro
249 2383 398 2446 Cluentio:
423 2384 511 2459 Oood
525 2396 626 2449 autem
642 2398 759 2466 tempos
773 2389 881 2449 ueneni
896 2388 1014 2449 dandi?
1036 2388 1090 2449 illo
1106 2389 1175 2448 diei
1218 2365 1219 2452 ¹

175 2469 207 2528 in
228 2469 281 2529 ilia
300 2471 496 2548 frequentin?
539 2470 599 2533 Per
620 2489 707 2550 qoem
726 2489 820 2549 porro
842 2473 969 2532 dotum?
984 2473 1074 2532 uode
1094 2491 1173 2532 som·
1218 2459 1219 2494 ¹

174 2554 280 2630 ptum?
301 2571 379 2632 quae
393 2573 487 2632 porco
505 2556 683 2634 interceptio
703 2556 827 2634 poculi?
850 2574 907 2616 eor
923 2574 983 2616 non
1003 2555 1042 2617 de
1058 2557 1175 2634 inteqro
1218 2549 1219 2592 ¹

134 2641 422 2698 succrescentem?
462 2637 543 2699 Hanc
562 2657 658 2700 rerum
680 2641 858 2699 coniunctam
882 2639 1079 2698 diuersitatem
1104 2624 1173 2698 Coe·

177 2719 258 2780 cilius
274 2714 436 2801 μεταβολὴν
451 2731 554 2799 vocet,
578 2725 670 2801 qualis
687 2732 731 2784 est
747 2739 800 2801 pro
818 2721 949 2782 CluentIo
971 2721 1056 2781 locus
1071 2723 1101 2781 in
1120 2720 1173 2799 Op
1218 2767 1219 2802 p

175 2804 332 2881 pianioum:
352 2805 442 2870 iilum
461 2808 585 2869 tubulos
597 2808 740 2885 publicos
761 2804 869 2868 Latini
888 2808 1047 2867 censorias
1068 2825 1173 2868 come
1217 2813 1219 2822 ⁴

174 2889 257 2964 pisse
273 2890 453 2952 decuriones
474 2892 610 2953 uniuersi
623 2892 852 2966 iudicauerunt,
874 2909 942 2952 cum
952 2890 1003 2950 illo
1017 2909 1106 2951 nemo
1123 2907 1173 2949 ro-

173 2973 282 3034 tionom
300 2993 471 3035 memorem
492 2974 585 3036 ullum
602 2974 814 3051 contrahebat,
836 2993 923 3036 nemo
947 2975 1031 3034 illum
1053 2993 1096 3034 ec
1116 2981 1175 3034 tom

175 3056 275 3115 moitis
298 3059 436 3135 copuotis
456 3063 484 3119 et
514 3058 658 3136 affinibus
681 3065 810 3119 tutorem
831 3075 964 3136 ouqttom
984 3057 1093 3118 libetis
1112 3058 1174 3117 setis

133 3139 316 3217 39scripse't,
344 3151 373 3200 et
394 3141 532 3219 deinceps
556 3140 648 3203 udhuo
668 3141 764 3204 multa.
803 3141 841 3202 Ut
861 3141 935 3200 haec
956 3142 1088 3200 inunum
1107 3157 1173 3199 con·
1218 3195 1219 3200 ,

174 3232 327 3299 geruntur:
344 3226 382 3284 ita
400 3233 498 3284 contra
514 3223 563 3284 illu
579 3225 710 3304 dispersa
726 3234 807 3302 sunt,
822 3242 895 3303 quoe
907 3240 923 3282 a
936 3221 1081 3284 Cicerone
1099 3223 1173 3283 dis·

175 3306 295 3386 sipata
311 3307 367 3367 dini
386 3317 471 3387 puto:
667 3368 670 3372 ,
1001 3324 1007 3330 “

324 3389 383 3453 Hic
399 3400 529 3472 sepcies,
545 3393 608 3454 illic
618 3395 740 3454 veniunt
755 3393 878 3470 felicius
897 3409 987 3469 uvae,

327 3473 458 3538 Arborei
470 3476 550 3556 setus
566 3477 651 3554 mitt,
