2444 3972
308 180 310 186 ⁸
342 211 431 258 rusn.
445 211 594 258 onerose.
607 212 675 258 nse.
688 195 714 278 I,
726 208 753 260 4.
1008 201 1045 261 19

49 372 183 432 rationem
197 365 325 426 siderum
338 367 465 442 ignoret,
481 374 585 444 poetas
600 366 754 444 intelligat,
772 367 820 444 qui
837 367 950 444 (utalia
963 369 1044 428 omit·

48 455 116 532 tam)
132 453 238 512 totiens
259 459 324 511 ortu
339 465 506 526 occasuque
526 450 672 527 signorum
686 452 715 510 iu
731 449 911 512 declarandis
932 461 1043 532 tempo·

48 537 122 598 ribus
135 543 265 603 utuntur;
281 550 337 593 nco
350 535 448 610 ignara
464 533 677 612 philosophiae,
695 552 757 594 cum
769 544 890 613 propter
903 535 1043 614 plurimos

49 624 76 681 in
91 615 219 680 omnibus
236 617 300 678 lere
315 616 486 677 carminibus
502 617 585 678 locos
602 636 640 677 ex
654 619 750 678 intima
767 618 938 680 naturalium
956 638 1043 698 quae-

49 705 169 764 stionum
188 701 348 762 subtilitate
367 702 528 779 repetitos,
552 711 610 762 tum
626 702 682 766 ,vel
701 713 824 780 propter
843 701 1044 781 Empedoclen

52 791 82 848 iu
95 785 224 862 Graecis,
240 785 401 846 Varronem
417 803 451 845 ac
466 784 630 846 Lucretium
644 787 674 846 in
687 785 805 862 Latinis,
821 787 869 864 qui
884 799 1044 867 praecepta

54 872 205 949 sapientiae
221 869 355 930 versibus
371 869 557 929 tradiderunt.
593 868 768 948 Eloquentia
783 887 900 947 quoque
914 888 972 931 non
986 885 1070 936 ιιι-5

51 955 141 1015 diocri
155 963 198 1013 est
213 970 305 1033 opus,
328 961 358 1013 ut
373 952 409 1013 de
424 969 601 1033 unaquaque
611 971 724 1030 earum,
744 970 816 1033 quas
838 953 1044 1016 demonstrari-

49 1057 126 1113 mus,
145 1055 240 1098 rerum
261 1035 337 1098 dicat
358 1038 478 1116 proprie
499 1047 529 1117 et
552 1039 683 1116 copiose.
725 1038 789 1111 Quo
809 1039 901 1098 minus
922 1048 987 1099 sunt
1001 1041 1044 1101 le-

49 1123 145 1198 rendi,
165 1123 212 1200 qui
232 1121 307 1182 banc
327 1129 418 1181 artem
437 1130 468 1180 ut
487 1131 602 1182 tenuem
617 1131 703 1199 atque
724 1122 848 1181 ieiunam
864 1122 1044 1199 cavillantur,

50 1223 122 1285 quae
138 1206 193 1264 nisi
210 1207 334 1266 oratoris
353 1205 442 1265 futuri
462 1205 644 1266 fundamenta
657 1204 783 1265 fideliter
800 1206 885 1280 iecit,
909 1207 1046 1285 quidquid

48 1290 292 1368 superstruxeris,
309 1297 439 1356 corruet:
462 1290 628 1352 necessaria
643 1291 760 1368 pueris,
778 1289 900 1350 iucunda
916 1290 1045 1367 senibus,

48 1374 141 1434 dulcis
158 1381 338 1433 secretorum
352 1389 451 1433 comes
467 1382 495 1433 et
511 1391 584 1452 quae
599 1373 648 1434 rel
665 1373 756 1434 sola
747 1390 776 1432 rn
791 1373 867 1433 omni
887 1373 1045 1434 studiorum

44 1474 157 1536 genere
172 1455 236 1535 plus
251 1455 357 1518 babeat
372 1457 471 1541 operis
488 1475 572 1536 quam
587 1457 798 1517 ostentationis

130 1538 176 1599 Ne
194 1541 257 1618 quis
272 1541 360 1619 igitur
374 1549 507 1641 tanquam
522 1558 610 1620 parva
625 1540 751 1602 fastidiat
766 1541 967 1619 grammatices
983 1515 1044 1602 ele·
1034 1552 1072 1606 -6

48 1634 157 1700 manta,
177 1640 236 1683 non
259 1626 326 1704 quia
339 1641 461 1702 magnae
477 1626 513 1684 sit
529 1641 638 1703 operae
654 1632 847 1686 consonantes
863 1641 880 1684 a
894 1624 1046 1686 vocalibus

49 1708 239 1770 discernere'
230 1725 368 1787 rpsasque
384 1725 434 1768 eas
450 1709 479 1768 in
493 1710 717 1782 semivocalium¹
721 1725 876 1768 nnmerum
895 1717 1047 1770 mutarum·
1099 1775 1102 1779 ,

53 1809 109 1870 que
122 1792 240 1870 partiri,
263 1791 315 1851 sed
337 1793 403 1870 quia
421 1792 560 1852 interiora
573 1792 654 1853 velut
675 1793 751 1853 sacri
770 1791 862 1852 huius
877 1792 1047 1853 adeuntibus

51 1873 199 1954 apparebit
217 1874 306 1935 multa
315 1879 417 1936 'rerum
435 1874 595 1950 subtilitas,
617 1892 692 1954 quae
706 1893 764 1936 non
780 1875 867 1935 modo
884 1893 991 1935 acuere
1005 1878 1046 1936 in·

6 1951 8 1966 '
47 1960 134 2038 genia
147 1958 272 2038 puerilia
292 1959 346 2018 sed
368 1977 511 2020 exercere
533 1958 699 2019 altissimam
719 1975 835 2038 quoque
858 1957 1048 2022 eruditionem

47 2061 84 2104 aa
100 2043 251 2102 scientiam
265 2043 368 2120 possit.
404 2042 450 2103 An
466 2039 620 2104 cuiuslibet
640 2043 716 2104 auris
733 2052 778 2104 est
801 2043 922 2120 exigere
938 2043 1070 2109 littera-7

46 2145 109 2187 rum
127 2121 240 2186 sonos?
267 2142 325 2186 non
340 2122 461 2187 hercule
481 2128 573 2205 magis
588 2144 672 2206 quarn
687 2144 850 2187 nervorum.
878 2125 937 2187 Aut
952 2138 1045 2205 gram·

6 2275 7 2280 γ
45 2211 142 2272 matici
164 2209 269 2270 saltem
287 2226 388 2271 omues
407 2211 436 2272 irr
456 2210 531 2271 hanc
551 2210 730 2271 descendent
751 2227 848 2271 rerum
867 2207 1046 2285 tenuitatem,

45 2295 179 2355 desintne
190 2293 306 2372 aliquae
317 2293 402 2354 nobis
413 2295 599 2356 necessariae
611 2294 779 2370 litterarum,
792 2308 850 2353 non
861 2310 925 2353 cum
937 2293 1063 2356 Graeca

46 2378 199 2439 scribimus
215 2377 290 2458 (tum
305 2379 380 2438 enim
394 2377 429 2438 ab
443 2377 545 2440 iisdem
559 2379 628 2439 duas
640 2377 815 2458 mutuamur)
831 2375 884 2438 sed
898 2380 1046 2464 propriae,

47 2463 77 2520 iu
95 2462 220 2538 Latinis,
240 2463 300 2520 ut
290 2480 320 2521 ru
340 2460 385 2521 his
404 2481 517 2526 seruos
537 2471 567 2522 et
581 2464 699 2540 uulpes
711 2460 865 2522 Aeolicum
885 2459 1073 2539 digammou8

6 2549 8 2582 ³
47 2545 246 2621 desideratur,
262 2553 294 2604 ut
308 2544 419 2605 medius
435 2545 606 2625 estquidam
621 2545 647 2606 U
662 2555 692 2605 et
706 2544 720 2604 l
734 2545 850 2605 litterae
864 2561 969 2614 sonus;
989 2562 1048 2605 non

47 2631 121 2690 eninr
137 2630 183 2689 sic
201 2629 346 2708 optimum
360 2628 478 2689 dicimus
499 2639 530 2688 ut
550 2631 698 2708 opimum,
721 2638 751 2689 et
771 2631 800 2688 in
820 2629 894 2690 berc
911 2627 1047 2708 nequeE

47 2711 133 2790 plane
151 2730 249 2791 neque
263 2711 277 2772 l
292 2712 418 2780 auditur:
436 2730 472 2773 arr
487 2731 585 2772 rursus
601 2713 676 2773 aliae
690 2712 865 2789 redundent,
882 2722 1000 2792 praeter
1014 2713 1072 2774 ils

46 2795 101 2857 lam
112 2797 310 2876 aspirationis,
326 2794 453 2875 (quaesi
463 2798 630 2858 necessaria
642 2806 698 2874 est,
711 2799 796 2857 etiam
808 2799 979 2859 contrariam
992 2797 1048 2857 sibi

6 2921 8 2930 »
44 2881 159 2960 poscit)
180 2877 267 2954 etll,
287 2897 361 2962 quae
377 2881 430 2940 et
421 2899 484 2960 rpsa
500 2881 677 2960 quorundam
690 2882 914 2957 nominumnota
930 2889 991 2958 est,
1018 2890 1047 2941 et

6 2983 8 3006 ²
6 2963 1047 3144 tantillitati“tortitia”tortitiislitto

219 3093 229 3124 ²

6 3153 8 3186 ι
40 3149 66 3191 rn
102 3141 162 3209 ret,
183 3141 212 3192 et
226 3142 389 3193 nostrarum
403 3132 519 3209 ultIma,
542 3151 597 3212 qna
612 3141 669 3193 tam
684 3149 787 3194 carere
803 3134 947 3212 potuimus
963 3149 1048 3232 quam

6 3215 66 3292 ψ
102 3233 142 3276 on
157 3213 342 3296 quaerimus?
366 3214 463 3295 Atque
478 3219 563 3279 etiam
576 3217 605 3276 iu
620 3217 691 3296 ipsis
705 3216 857 3278 vocalibus
871 3216 1049 3295 grammatici
1058 3226 1092 3278 lo

39 3317 66 3359 es
103 3299 220 3378 ridere,
237 3317 273 3359 arr
288 3298 399 3379 aliquas
412 3318 495 3380 pro
483 3300 706 3362 consonantibus
723 3318 792 3361 usus
807 3301 966 3379 acceperit,
983 3301 1048 3378 quia

37 3385 66 3446 io
98 3404 105 3444 ι
121 3385 200 3446 sicut
214 3392 278 3447 tom
292 3383 428 3444 scribitur
447 3394 477 3446 et
490 3401 566 3464 quos
579 3393 624 3444 ut
625 3403 686 3447 cos.
722 3385 761 3446 At
784 3402 858 3464 quae
879 3393 911 3443 ut
927 3379 1079 3444 vocales*

37 3469 66 3528 iu
106 3477 205 3528 untur
224 3476 273 3529 aut
293 3485 377 3528 unam
396 3467 513 3548 longam
532 3469 655 3546 iaciunt,
678 3477 709 3529 ut
727 3477 846 3529 veteres
855 3467 1050 3611 2spripseruut
