2436 3956
307 178 397 244 msc.
414 179 564 246 coquom
582 179 652 248 mu.
670 181 748 248 rur,
763 177 791 231 ε.
1007 171 1049 230 55

52 329 148 394 uisse?
172 331 210 393 Et
225 331 308 406 alibi,
328 331 429 414 Caput
442 335 586 416 opponis,
605 353 674 396 oum
689 352 725 395 eo
740 335 934 416 cornificium.
966 336 1049 396 Unde

52 417 158 477 interim
179 417 255 494 grati
277 415 374 475 idiotis
397 415 533 497 lepores:
561 417 653 496 qualis
675 426 720 476 εει
746 416 798 476 illc
822 418 898 499 apud
923 417 963 478 Μ.
983 419 1095 484 Tui-m

52 500 116 575 lium
136 497 247 575 Pupio,
273 501 328 579 qui
349 519 418 580 carp
443 501 560 580 qupp'orc
585 519 692 562 acrore
715 501 888 582 cubitabat,
919 511 963 578 et,
995 500 1048 564 Cn.

50 581 188 660 diucius,
211 583 263 660 qui
278 579 433 662 co'rnioum
447 584 552 645 oculos
566 583 706 663 conficit,
729 593 759 642 et
780 600 833 663 pro
848 581 957 646 Milone
977 585 1049 646 illud

50 663 129 728 Heus
138 674 169 727 tu
179 665 286 743 Rufio,
303 675 332 724 ει
344 663 689 748 Eruciovotona'oeter.
712 664 744 726 ld
755 677 851 750 tumen
864 669 893 728 iu
904 668 1048 730 declama·

50 748 156 811 toribus
171 758 219 828 est
232 747 386 828 notabilius
405 749 572 831 laudarique
587 769 634 809 me
649 766 740 832 pqcro
757 749 888 834 solebat,
903 749 1049 830 Dopatri

49 849 174 910 piperem·
200 834 278 906 etin
300 831 420 912 eodem,
442 829 545 914 Elium
567 836 808 914 concuperent.
849 833 909 896 Res
935 834 1093 913 quidem23

51 917 203 994 praecipue
218 918 249 976 in
264 915 373 996 sobolis
389 934 497 994 anceps
510 917 562 982 sed
577 917 747 996 frequenter
763 935 851 980 causa
865 918 957 993 risus,
974 936 1048 978 nunc
1064 939 1083 1000 j

51 1000 153 1076 utique,
167 999 316 1080 cumliaco
328 1001 499 1078 exercitatio
511 1001 642 1078 procula
654 997 778 1060 veritate
790 1003 921 1061 seiuncta
931 999 1049 1062 laboret

50 1081 205 1144 incredibili
225 1082 380 1162 verborum
401 1082 516 1163 fastidio
535 1102 570 1162 ac
587 1082 641 1144 sibi
662 1101 793 1163 maguam
809 1093 920 1163 partem
938 1102 1049 1149 sermo·

51 1164 91 1238 uis
105 1165 270 1244 absciderit.

130 1292 200 1354 (lum
224 1297 282 1354 sint
303 1303 398 1357 actem
418 1295 508 1355 verba
531 1297 665 1375 propriu,
690 1297 773 1372 licta,
797 1297 950 1364 translatu:
980 1312 1093 1376 pro-24

14 1373 16 1436 i
54 1377 117 1454 priis
140 1376 309 1456 dignitatern
327 1379 376 1438 dat
397 1380 613 1456 antiquitas.
663 1378 794 1458 Namque
820 1389 850 1440 ει
873 1383 1049 1441 sanctiorem

14 1479 16 1538 j
54 1469 80 1538 et
92 1463 179 1538 magis
195 1461 391 1523 admirabilem
409 1462 516 1522 iaciunt
532 1465 709 1539 orationem,
733 1463 836 1541 quibus
854 1482 912 1523 non
927 1463 1050 1542 quilibet

53 1541 131 1603 tuerit
144 1563 264 1620 usurus,
287 1562 382 1622 eoque
399 1555 565 1605 ornamento
581 1547 713 1606 acerrimi
733 1547 830 1607 iudicii
850 1546 881 1606 P.
900 1547 1048 1624 Vergilius
1158 1579 1161 1590 =

14 1641 16 1652 “
55 1628 129 1686 unice
146 1637 189 1688 est
207 1647 289 1688 usus.
336 1627 395 1700 otiu·
416 1630 490 1690 enim
506 1637 536 1688 et
551 1631 697 1707 quianam
718 1632 831 1691 atmiis
846 1639 967 1710 etpone
984 1632 1092 1711 pel-bt

14 1751 16 1760 ‚
52 1707 141 1772 lucent
161 1721 191 1774 et
205 1725 365 1793 aspergunt
385 1715 481 1789 illam,
505 1731 579 1792 quae
595 1714 680 1774 etiam
697 1715 726 1771 in
741 1715 861 1790 picturis
883 1723 928 1772 est
942 1716 1048 1791 gratis·

14 1799 16 1844 ἰ
54 1795 130 1870 sina,
144 1799 297 1858 vetustatis
310 1797 504 1857 inimitabilem
519 1796 573 1857 arti
588 1797 798 1856 auctoritatem.
837 1797 895 1856 Sed
912 1797 1049 1856 utendum

14 1879 16 1920 ῑ
53 1877 146 1956 modo,
169 1900 224 1952 nee
245 1899 282 1940 ex
302 1881 408 1940 ultimis
428 1879 557 1940 tenebris
572 1878 742 1958 repetenda.
783 1877 868 1939 Solio
884 1887 928 1938 est
947 1889 1048 1948 vetus;

54 1960 114 2035 quid
127 1979 251 2024 necesse
267 1974 329 2039 est,
349 1981 476 2042 quaeso,
493 1963 593 2024 dicere
607 1963 742 2042 oppido?
760 1979 818 2040 quo
833 1965 877 2020 usi
892 1972 958 2021 sunt
978 1981 1049 2041 pau·

54 2040 104 2106 lum
125 2055 256 2126 ternpore
279 2055 380 2108 nostro
406 2049 591 2125 superiores,
621 2063 745 2122 vereor,
771 2055 803 2105 ut
825 2047 880 2104 iam
901 2063 954 2104 nos
973 2046 1049 2106 ierat

14 2125 15 2184 Q
54 2127 209 2206 quisquam
246 2138 326 2190 certe
353 2133 523 2209 antepono,
554 2132 635 2190 cuius
659 2129 760 2189 eudem
789 2129 961 2205 significatio
992 2138 1047 2204 est,

54 2225 128 2271 nemo
142 2216 193 2273 nisi
208 2215 378 2275 ambitiosus
393 2223 498 2272 utetur.
526 2211 699 2274 Aerumnoo
715 2213 782 2290 quid
798 2229 872 2290 opus
889 2209 956 2272 est?
972 2210 1093 2276 tan-26*

55 2306 129 2368 quam
145 2293 245 2374 parum
259 2301 313 2373 sit,
332 2299 356 2356 si
373 2297 484 2357 dicatur
501 2296 577 2374 quod
595 2295 750 2356 borridum.
783 2295 866 2356 Reor
880 2294 1048 2368 tolerabile,

19 2447 23 2456 1
55 2383 165 2441 coturno
179 2383 337 2458 tragicum,
352 2382 470 2459 prolem
486 2379 613 2441 dicemus
624 2382 766 2454 inversu,
783 2379 835 2438 sed
845 2381 996 2458 procopia
1007 2381 1048 2438 in·

56 2457 163 2521 salsum.
193 2464 268 2538 Quid
284 2461 393 2525 multa?
417 2471 494 2524 totus
509 2481 603 2543 prope
618 2472 740 2523 mutatus
757 2472 803 2522 est
818 2480 925 2522 sermo.
953 2462 1089 2536 Quae-ut

14 2567 16 2602 r
56 2537 112 2599 dam
125 2552 216 2606 tamen
235 2548 328 2608 adhuc
348 2558 449 2608 vetera
470 2556 613 2606 vetustate
633 2549 696 2625 ipsa
710 2548 819 2623 gratius
835 2548 943 2621 nitent,
960 2564 1049 2623 quae·

14 2677 16 2708 ,
57 2617 111 2682 dam
123 2636 149 2687 et
159 2632 325 2700 necessario
338 2631 450 2702 interim
462 2640 618 2704 sumuntur,
630 2647 813 2706 nuncupare
825 2639 854 2688 ει
863 2630 949 2708 sori;
960 2629 1049 2688 multa
1141 2639 1143 2648 ’

14 2711 16 2732 ³
56 2702 105 2764 alia
124 2713 205 2774 etiarn
226 2713 377 2774 audentius
399 2715 487 2775 inseri
508 2722 630 2791 possunt
652 2711 704 2772 sed
728 2715 767 2771 ita
792 2712 920 2787 demum,
943 2714 967 2770 si
990 2726 1048 2770 uon

14 2793 16 2876 ᾗ
57 2797 361 2866 appropriationum
383 2800 412 2857 in
427 2815 510 2876 quam
525 2796 645 2856 mirifice
661 2795 826 2872 Vergilius:
856 2865 857 2875 χ

14 2889 15 2900 ἶ
132 2887 351 2957 connubiorum
366 2903 487 2956 amator
501 2897 558 2956 iste
576 2896 748 2970 verborum,
859 2907 861 2912 ·
1055 2889 1093 2943 28

133 2971 322 3058 Thucydides
339 2977 521 3050 Britannus,
544 2975 665 3039 Atticae
682 2977 797 3056 ledros,

133 3053 196 3120 Tou
208 3063 373 3139 Gallicum,
387 3063 464 3138 min,
488 3063 537 3139 ol,
559 3063 669 3140 spineo
683 3061 762 3136 necle
776 3061 821 3121 c'lb'
835 3060 894 3128 εει·
951 3063 952 3068 ’
1061 3058 1078 3096 *

131 3136 178 3200 Ιια
192 3149 292 3212 omnia
306 3149 366 3206 isto
382 3145 479 3206 cerdo
500 3146 620 3206 uniscunt
634 3145 739 3224 fratri.

59 3220 162 3294 Cimber
179 3237 226 3299 hic
244 3243 312 3318 tuit,
334 3261 350 3302 a
372 3259 428 3320 quo
445 3241 562 3302 fratrem
577 3245 709 3306 uocatum
730 3241 786 3300 hoc
803 3237 954 3300 Ciceronis
971 3237 1092 3297 dictott

14 3367 16 3378 .
59 3317 172 3376 lotatum
193 3332 252 3400 cst,
272 3327 457 3390 Germanum
484 3322 605 3386 Cimber
624 3325 747 3386 occidit.
790 3322 853 3384 Nec
869 3324 961 3382 minus
979 3328 1049 3379 noto

59 3385 199 3462 Sallustius
216 3409 420 3490 epigrammate
436 3409 605 3468 incessitur:
