2470 3962
171 193 232 255 222
486 203 523 250 u.
536 201 850 263 1111111111111

170 361 233 440 pari
250 357 433 422 deformitate
451 365 480 418 et
496 355 674 418 contrabitur
688 365 718 418 11
732 355 874 431 tenditur,
897 357 951 418 sed
968 366 1054 418 tenso
1062 357 1165 442 ‚subest

170 452 199 503 et
215 442 314 518 labor,
329 449 518 519 tenuaturque
534 457 592 500 vox
608 458 643 500 ae
660 440 809 518 fatigatum
832 441 947 501 nibxuru
961 441 1075 520 pectori
1091 461 1165 502 men·

127 537 225 591 831111
241 527 333 585 miuus
349 525 455 586 claram
473 533 504 584 et
517 525 599 602 quasi
615 524 747 588 latiorem
759 541 865 602 presso
880 534 996 601 gutture
1007 524 1086 584 iacit.
1110 523 1163 586 Hu-

170 626 314 670 merorum
324 626 391 670 raro
405 609 515 670 decens
527 608 662 670 allevatio
674 616 761 686 atque
774 609 934 668 contractio
947 617 1006 674 est;
1022 607 1168 668 breviatur

170 696 245 754 euim
262 693 363 754 1111111
383 699 412 752 11
428 701 544 770 gestum
560 691 703 770 quendam
718 690 853 752 humilem
876 700 963 772 atque
981 691 1116 752 servilem
1138 702 1169 752 11

171 777 252 856 quasi
269 775 479 838 iraudulentum
494 775 581 851 iacit,
597 793 661 836 curn
677 793 709 835 se
726 771 894 836 inhabitura
910 775 1096 850 adulationis,
1119 776 1168 838 ad·

128 861 342 936 damnationis,
363 868 456 920 metus
478 858 595 936 fingunt.
626 857 744 930 Rraebii¹
761 858 911 919 moderata
932 860 1094 938 proiectio,
1121 879 1168 920 re·

170 945 266 1004 missis
287 943 412 1003 humeris
433 951 518 1022 atque
548 940 761 1020 explicantibus
783 960 816 1002 se
840 943 868 1002 in
889 942 1064 1020 proferenda
1084 961 1169 1004 mauu

171 1028 284 1104 digitis,
310 1027 461 1085 continuos
484 1036 514 1086 et
536 1025 725 1086 decurrentes
750 1025 833 1086 locos
854 1026 978 1086 maximo
999 1026 1094 1087 decet.
1128 1025 1169 1104 At

170 1129 232 1170 cum
249 1111 413 1188 speciosius
429 1108 496 1188 quid
512 1108 689 1188 uberiusque
704 1109 857 1170 dicendum
873 1118 932 1186 est,
948 1119 978 1170 ut
993 1109 1065 1171 illud
1078 1107 1169 1172 Secu

169 1203 260 1272 atque
279 1194 458 1254 solitudines
477 1195 546 1255 uoci
569 1195 772 1272 respondent:
802 1195 966 1272 expatiatur
990 1195 1020 1253 in
1043 1193 1116 1254 latus
1137 1203 1168 1254 et

125 1280 231 1356 85ipsa
248 1276 458 1355 quodammodo
475 1295 507 1336 se
526 1295 589 1336 oum
604 1285 690 1354 gestu
706 1277 796 1336 inndit
811 1278 924 1337 orario:
941 1276 1066 1338 Manus
1083 1294 1167 1353 vero,

170 1362 232 1420 sine
256 1359 360 1438 quibus
384 1369 483 1419 trunca
506 1369 586 1420 esset
605 1361 682 1421 actio
705 1379 741 1420 ac
762 1359 883 1437 debilis,
906 1361 956 1420 vix
980 1361 1037 1423 diei
1058 1370 1169 1439 potest,

169 1453 239 1522 quot
263 1451 355 1503 motus
379 1441 523 1524 habeant,
553 1461 615 1502 oum
640 1461 734 1522 paene
755 1443 847 1522 ipsam
870 1440 1027 1506 verborum
1054 1445 1168 1522 copiam

167 1534 391 1605 persequantur.
417 1523 487 1584 Nam
505 1536 622 1586 ceterae
639 1536 740 1604 partes
753 1527 918 1606 loquentem
934 1529 1084 1604 adiuvant,
1100 1526 1166 1602 bae,

125 1619 160 1673 86
170 1626 263 1687 prope
282 1617 327 1668 est
349 1617 379 1667 ut
394 1607 503 1686 dinam,
526 1611 608 1687 ipsae
631 1611 794 1689 loquuntur.
824 1609 874 1670 His
892 1615 1055 1689 poscimus,
1082 1610 1166 1689 polii·

170 1711 284 1767 111111,
307 1708 464 1768 vocamus,
489 1690 669 1769 dimittimus,
690 1696 844 1770 minamur,
873 1696 1085 1774 supplicamus,
1117 1693 1165 1754 ab·

168 1779 341 1851 ominamur,
357 1776 504 1851 timemus,
525 1778 751 1854 interrogamus,
768 1795 920 1854 nogariam
943 1777 1095 1856 gaudium,
1119 1779 1167 1836 tri·

168 1861 287 1934 stitiam,
309 1857 532 1935 dubitationem,
551 1862 783 1938 confessionem,
801 1863 1024 1940 poenitentiam,
1040 1862 1171 1934 modum,

124 1950 158 2005 87
168 1945 298 2024 copiam,
320 1961 482 2019 numerum,
505 1953 618 2023 tempus
635 1945 821 2005 ostendimus.
852 1945 916 2004 Non
933 1942 1102 2006 concitant?
1127 1947 1165 2003 in·

167 2023 287 2087 bibenti
315 2024 458 2104 probanti
480 2025 672 2089 admirantur?
693 2027 943 2090 verecundantur?
978 2027 1044 2088 Non
1067 2031 1095 2088 in
1118 2030 1166 2090 de-

166 2108 356 2170 monstrandis
369 2109 444 2170 loois
456 2129 490 2171 11
503 2113 637 2190 personis
654 2111 857 2172 adverbiorum
869 2124 954 2192 atque
967 2114 1167 2191 pronominum

167 2193 297 2254 obtinent
317 2190 431 2253 vicem?
459 2193 498 2254 Ut
518 2197 547 2254 in
570 2204 646 2256 tanta
663 2213 717 2274 per
734 2213 833 2256 omnes
852 2206 956 2274 gentes
973 2198 1167 2276 nationesque

165 2278 281 2354 linguae
294 2277 462 2338 diversitate
472 2277 520 2338 bic
530 2279 597 2338 mibi
609 2281 731 2340 omniurn
744 2279 885 2341 bominum
898 2281 1056 2340 communis
1070 2295 1168 2352 sermo

164 2360 304 2420 videatur.

122 2449 158 2504 88
247 2441 284 2503 Et
300 2443 328 2502 bi
345 2444 476 2523 quidem,
500 2447 537 2506 de
556 2446 659 2523 quibus
674 2446 883 2522 sumrlocutus,
909 2465 972 2506 eum
994 2448 1067 2526 ipsis
1087 2448 1168 2506 voci·

165 2525 219 2586 bus
234 2527 403 2587 naturaiiter
423 2537 529 2588 exeunt
545 2537 661 2608 gestum
689 2531 736 2590 alii
751 2538 833 2606 sunt,
861 2531 908 2608 qui
933 2549 983 2589 res
1006 2532 1168 2592 imitatione

164 2611 342 2687 significant,
359 2620 388 2670 ut
403 2612 427 2670 si
443 2629 562 2690 aegrum
576 2615 740 2691 temptantis
755 2632 845 2674 venas
860 2614 965 2676 medici
980 2615 1169 2674 similitudine

164 2702 211 2753 aut
232 2694 429 2755 citharoedum
444 2695 574 2756 formatis
590 2697 625 2757 ad
642 2697 755 2758 modum
776 2699 965 2780 percutientis
981 2716 1092 2758 nervos
1109 2717 1169 2758 nra·

164 2776 245 2836 nibus
268 2778 422 2848 ostendas;
447 2780 524 2858 quod
541 2789 586 2840 est
600 2797 693 2857 genus
709 2799 792 2859 quarn
813 2782 981 2860 longissime
998 2783 1026 2841 in
1047 2785 1170 2842 actione

119 2861 154 2917 89
162 2859 336 2938 fugiendum.
368 2862 484 2923 Abesse
501 2865 574 2924 enirn
590 2865 738 2942 plurimum
753 2882 770 2924 a
786 2866 925 2926 saltatore
942 2864 1031 2926 debet
1053 2876 1169 2942 orator,

162 2952 193 3002 ut
208 2945 244 3002 sit
259 2954 359 3022 gestus
375 2947 411 3007 ad
426 2965 541 3007 sensum
556 2949 647 3024 magis
660 2963 743 3026 quam
759 2948 794 3008 ad
805 2948 895 3010 verba
911 2950 1168 3013 accommodatus:

86 3031 94 3038 '
163 3027 240 3105 quod
263 3030 347 3088 etiarn
370 3029 555 3090 histrionibus
571 3031 657 3108 paulo
674 3031 856 3108 gravioribus
876 3033 977 3094 111111
993 3036 1085 3094 moris
1102 3034 1168 3094 init.

69 3171 70 3180 ,
161 3108 241 3188 Ergo
259 3120 290 3170 ut
307 3113 341 3172 ad
358 3131 391 3172 se
409 3131 519 3174 manum
535 3111 664 3189 referre,
687 3133 749 3174 cunr
767 3116 804 3175 de
826 3135 860 3177 se
878 3118 942 3195 ipso
958 3117 1113 3196 loquatur,
1139 3125 1169 3176 et

161 3195 189 3252 iu
211 3211 294 3270 eunr,
322 3214 407 3275 quern
430 3196 625 3274 demonstret,
655 3199 803 3259 intendere
825 3209 854 3259 et
874 3201 971 3280 aliqua
992 3201 1037 3261 bis
1058 3201 1167 3261 similia

162 3278 358 3359 permiserim·
385 3281 423 3341 ita
444 3297 501 3340 non
522 3281 664 3360 effingere
683 3291 773 3343 status
789 3284 928 3362 quosdam
952 3295 997 3361 et,
1022 3282 1167 3364 quidquid

118 3360 254 3436 iudicet,
277 3363 443 3424 ostendere.
474 3364 588 3444 Neque
602 3366 629 3426 id
652 3367 679 3425 in
700 3367 828 3438 manibus
850 3367 944 3434 solum
967 3368 1019 3430 sed
1037 3371 1064 3427 in
1085 3366 1166 3427 omui

160 3452 246 3518 gestu
262 3463 296 3504 11
311 3463 387 3506 1111
405 3451 575 3508 servandum
592 3461 646 3510 est.
677 3451 741 3512 Non
760 3454 835 3512 enim
850 3462 898 3512 aut
913 3455 942 3512 in
958 3453 1008 3513 illa
1022 3451 1165 3532 periodo,
