2446 3962
325 149 413 196 msn.
426 149 574 198 onauon.
586 149 655 197 nra.
667 150 712 216 rr,
725 150 751 201 1.
978 139 1035 200 151

29 253 32 362 l
65 307 112 386 qaid
125 306 198 365 litem
213 303 312 378 faciat,
329 303 424 382 (quod
445 302 480 362 ab
498 302 555 363 illis
571 323 668 366 consa
679 305 727 365 vel
743 307 902 368 continens
916 306 1036 387 dicitnr)

28 391 30 454 Ῐ
64 400 83 449 et
94 408 157 470 quae
176 391 211 448 sit
225 390 301 446 inter
317 386 464 463 litigantes
481 389 625 465 quaestio,
642 389 724 449 etde
743 407 800 468 quo
816 390 937 452 iudicari
948 406 1036 468 opor·

28 511 30 534 t
63 482 117 542 teat;
139 490 211 552 quac
233 471 328 532 omnia
351 469 427 531 idem
446 479 522 530 sunt.
559 469 631 532 Nam
654 471 739 532 etde
760 489 797 532 eo
820 475 954 552 quaestio
980 483 1036 550 est,

63 558 119 636 quod
137 558 163 616 in
184 555 413 617 controversiam
433 555 527 630 venit,
560 555 648 615 etde
674 571 711 615 eo
740 557 897 634 indicatur,
921 559 957 618 de
979 574 1037 637 quo

28 679 30 712 ,
62 643 169 720 quaestio
192 649 246 700 est.
283 637 343 698 Sed
359 655 416 698 non
438 647 581 716 perpetuo
597 639 768 700 intendimus
787 642 816 699 in
830 641 904 701 baec
918 643 1079 706 animumne

28 723 30 806 ζ
63 725 239 804 etcnpiditate
255 721 347 783 laudis
370 731 515 800 utcunque
537 722 730 801 acquirendae
750 721 799 784 vc'l
823 725 937 785 dicendi
954 726 1037 785 volu·

27 817 28 866 l
62 817 120 886 pute
137 825 307 887 evagamur,
333 806 448 884 quaudo
471 804 590 865 uberior
614 825 730 886 semper
750 817 832 868 extra
848 825 964 869 causam
978 826 1037 868 ma-

61 895 115 954 teria
130 902 187 962 est;
213 892 281 971 quia
296 891 324 949 in
340 891 543 950 controversia
558 908 652 968 pauca
673 901 754 967 sunt,
776 901 859 952 extra
873 893 986 971 omnia:
1008 901 1041 952 et

27 1051 28 1056 η
60 975 93 1036 lic
107 975 202 1037 dicitur
218 975 254 1034 de
270 974 324 1049 his,
343 992 417 1053 quae
433 975 611 1051 accepimus,
628 975 705 1052 illic,
723 975 879 1055 dequibus
893 976 1037 1036 volumus.

27 1073 29 1132 t
60 1057 174 1121 lectam
190 1059 247 1120 boc
262 1059 499 1136 praecipiendum
514 1067 575 1133 est,
594 1068 625 1118 ut
642 1061 857 1136 quaestionem,
875 1061 1035 1135 continens,
1047 1069 1080 1125 26

26 1133 29 1220 l
59 1144 241 1204 iudicationem
255 1143 432 1202 inveniamus
455 1141 541 1219 (narn
558 1142 586 1201 id
602 1143 716 1221 quidem
732 1143 819 1203 facile
841 1146 928 1223 est),
953 1162 1038 1221 qnam

26 1229 28 1290 l
59 1230 243 1288 nintueamur
258 1244 389 1306 semper,
411 1233 459 1286 aut
477 1233 558 1284 certe
573 1227 597 1284 si
613 1225 739 1302 digressi
754 1226 911 1302 fuerimus,
934 1227 1039 1286 saltem

26 1299 27 1370 i
59 1314 238 1390 respiciamus,
254 1328 290 1369 ne
307 1309 439 1388 plausum
456 1309 657 1368 affectantibus
673 1327 750 1370 arma
766 1311 910 1370 excidant.
942 1308 1039 1370 Theo-

26 1385 28 1468 ?
59 1393 108 1454 lori
126 1395 241 1471 schola,
256 1403 287 1453 at
304 1393 382 1468 dixi,
404 1394 498 1452 ornnia
513 1392 604 1452 refert
622 1392 658 1453 ad
675 1395 789 1472 capito.
823 1393 875 1454 llis
896 1393 980 1472 plura
996 1395 1082 1458 inat

25 1473 28 1556 l
59 1478 225 1556 talliguntnr:
242 1477 401 1538 utromodo
417 1494 524 1536 summa
539 1479 671 1555 quaestio
687 1480 755 1538 item
772 1487 803 1538 ut
819 1486 928 1552 status,
945 1477 1039 1538 altero

25 1557 28 1650 l
61 1572 157 1624 ceterae
175 1579 251 1643 quae
267 1561 303 1622 ad
324 1578 460 1621 summam
475 1561 656 1636 referuntur,
679 1562 766 1621 tertio
786 1563 951 1640 propositio
977 1578 1040 1621 cum

25 1651 27 1730 ζ
62 1646 244 1714 albrnatione;
266 1654 297 1704 ut
318 1645 456 1720 dicimus,
483 1642 585 1723 Caput
603 1645 651 1706 rei
667 1652 726 1720 cst,
759 1645 835 1724 apud
855 1644 1041 1705 Menandrum

25 1737 28 1804 ξ
62 1725 203 1805 κεφάλαιόν
212 1729 299 1790 ἔστιν.
332 1726 366 1789 ln
383 1729 548 1788 universum
567 1737 680 1804 autem,
707 1728 845 1807 quidquid
861 1728 1041 1807 probandum

60 1821 102 1892 est,
120 1817 171 1875 erit
184 1822 295 1892 capon
311 1813 363 1874 scd
379 1811 408 1872 id
421 1813 513 1872 maius
530 1813 694 1871 autminus.

126 1897 161 1959 m
181 1898 333 1978 quoniam,
357 1913 431 1975 quae
454 1895 491 1957 de
511 1894 555 1954 his
581 1903 698 1956 eranta
722 1894 914 1974 scriptoribus
930 1893 1083 1959 Artium28
1100 1917 1136 1942 ν

55 1981 160 2060 tradita,
189 1981 343 2043 verbosius
376 1980 461 2040 etiarn
488 1997 572 2058 quam
600 1997 726 2039 necesse
752 1989 816 2040 erat
843 1979 1041 2058 exposuimus,

54 2075 211 2143 praeterea,
236 2083 310 2145 quae
325 2070 424 2142 partes
439 2063 495 2123 sint
517 2063 690 2124 iudicialium
706 2081 872 2139 causamn,
897 2079 986 2140 supra
1002 2061 1042 2120 di·

54 2158 121 2210 ctnur
133 2160 193 2211 est:
211 2151 360 2229 proximus
375 2146 451 2207 liber
464 2165 481 2207 a
496 2148 586 2226 prima
602 2149 631 2208 id
647 2156 693 2208 est
709 2147 830 2208 exordio
847 2148 978 2224 incipiet.

54 2601 119 2656 Libro
143 2616 233 2671 quarto
257 2605 321 2655 baec
337 2605 506 2655 continentur:
521 2601 690 2653 Prooemium.
726 2598 764 2650 De
783 2598 897 2657 exordio.
934 2597 973 2648 De
988 2613 1046 2647 nar-

82 2676 183 2728 ratione.
222 2675 260 2725 De
276 2673 431 2740 egressione.
467 2673 506 2723 De
524 2669 707 2738 propositione.
743 2667 781 2718 De
797 2667 941 2733 partitione.

445 2784 646 2836 PROOEMIUM.

24 2907 25 2926 ¹
130 2857 293 2964 Perfecto,
322 2881 500 2944 Marcelle
521 2882 690 2957 Victori,
719 2879 817 2958 operis
844 2876 896 2937 tibi
922 2875 1048 2936 dedicati

24 2947 27 2980 ⁵
55 2954 225 3030 tertio'libro
241 2977 272 3028 et
286 2969 342 3028 ianr
357 2976 459 3046 quarta
480 2967 544 3027 iere
569 2965 679 3026 laboris
695 2972 778 3042 parte
794 2968 949 3037 transacta,
972 2977 1049 3020 nova

57 3049 166 3130 insuper
179 3054 247 3113 milri
263 3050 430 3130 diligentiae
448 3068 535 3111 causa
551 3059 580 3109 et
599 3049 684 3108 altior
698 3045 880 3121 sollicitudo,
905 3043 991 3121 quale
1007 3044 1048 3101 iu·

24 3167 26 3208 5
59 3130 77 3190 d
113 3153 154 3194 mn
167 3136 312 3197 homiuum
326 3153 489 3210 emererer,
509 3133 645 3194 accessit.
683 3130 787 3190 Adbuc
803 3130 877 3187 enirn
894 3126 974 3186 velut
989 3134 1048 3184 stu·

59 3214 76 3273 d
120 3220 268 3280 internos
292 3217 531 3294 conferebamus,
561 3217 637 3277 etsi
665 3231 765 3293 parum
788 3221 887 3272 nostra
908 3209 1048 3268 institutio

59 3313 76 3374 p
116 3313 224 3364 caretur
238 3322 255 3364 a
271 3305 388 3379 ceteris,
405 3303 532 3363 contenti
547 3301 611 3361 lore
626 3297 787 3360 domestico
802 3313 855 3355 usu
869 3290 1047 3367 videbamur,

61 3395 76 3438 ¹1
120 3386 135 3418 ¹³
149 3387 264 3467 meique
279 3384 330 3449 lilii
351 3387 477 3448 lorrnare
493 3383 674 3464 disciplinam
689 3383 759 3443 satis
770 3388 946 3459 putaremus.
977 3372 1077 3434 cuma

24 2437 27 2610 p
423 2468 582 2534 nunna
612 2469 671 2534 rv.

24 2669 27 2824 l

24 2827 27 2898 Ι
