2436 3956
181 249 240 314 102
493 251 853 316 mrnuoummmnm

134 415 240 484 tolles
260 418 288 476 in
310 414 444 498 paeonis
465 421 572 474 tantum
595 410 647 471 sed
671 419 700 470 et
720 411 748 468 in
769 405 856 498 rebus
871 414 1005 466 versatur
1021 404 1096 465 haec
1113 422 1181 465 con·

177 501 264 562 traria
282 499 406 575 dicendi,
425 515 510 577 quom
525 513 601 575 quae
615 493 737 570 intelligi
752 491 844 564 uelis,
863 490 953 562 ratio,
972 497 1002 548 ut
1020 497 1113 548 totum
1128 507 1181 568 pro

178 583 284 660 Quinto
308 581 423 683 Ligario
452 581 632 661 prooemium
654 587 682 637 et
709 575 778 636 illae
798 574 995 634 elevationes:
1023 570 1183 650 Videlicet,

179 666 264 730 Μ’
283 669 370 731 bom!
438 747 564 811 Scilicet
576 748 606 808 is
621 747 742 825 superis
754 744 843 805 luder
860 751 913 804 est.

134 846 167 902 51
175 835 213 898 Et
227 835 277 896 ille
290 853 343 915 pro
355 834 451 914 Oppio
467 833 565 892 locus:
585 828 757 892 Ocmocent
767 827 896 888 mirans!
911 823 1185 891 Odenioolenta‘on

175 921 383 1000 singularem!
417 917 483 990 Non
504 915 608 995 procul
626 914 730 973 absunt
749 911 784 970 ab
805 910 861 971 huc
875 910 1060 971 simulatione
1075 931 1128 972 res
1147 915 1185 972 in·

177 1013 223 1065 ter
238 1022 271 1064 se
287 1003 408 1078 similes,
427 999 621 1061 confessio
637 996 706 1056 nihil
722 997 864 1071 nocitura,
885 994 980 1074 qualis
996 1004 1057 1055 est:
1079 993 1186 1059 Habes

175 1089 280 1166 igitur,
296 1085 426 1161 Tubero,
441 1085 523 1164 quod
531 1091 576 1144 est
586 1082 764 1144 accusatori
775 1080 907 1140 nomime
917 1079 1100 1158 optandam,
1113 1101 1186 1144 con·

124 1217 128 1220 -
176 1171 308 1251 {ltentem
324 1187 430 1241 renen
450 1177 479 1228 et
500 1167 722 1241 concessio,
746 1181 810 1223 eum
831 1161 939 1242 aliquid
955 1165 1041 1224 etiam
1055 1165 1187 1242 iniquum

177 1253 308 1316 videmur
333 1271 439 1315 causae
461 1251 566 1313 liduoia
587 1251 661 1330 pati:
685 1246 798 1310 dletnne
818 1248 979 1326 virgarum
999 1250 1187 1312 nauarchos

177 1340 385 1402 nobilissimae
401 1337 532 1398 eicitute's
544 1335 645 1416 pretio
658 1333 804 1394 redeneit:
822 1332 986 1393 humanam
1001 1340 1066 1404 est,·
1085 1342 1118 1392 et
1133 1351 1185 1413 pro

178 1419 312 1482 Cluentio
333 1422 369 1482 de
382 1419 502 1481 invidia:
516 1418 736 1482 Dmninetnrin
751 1417 950 1490 contionibus,
971 1417 1076 1479 iaceat
1091 1419 1125 1478 in
1139 1421 1186 1478 ia·
1213 1431 1215 1500 ξ

178 1507 288 1578 dietm-
302 1507 387 1566 tertia
405 1505 622 1579 consensio,
638 1510 669 1562 ut
686 1517 741 1580 pro
758 1499 872 1577 eodem,
889 1499 1022 1560 iudicium
1036 1518 1109 1561 esse
1123 1519 1185 1562 cor·

112 1599 299 1669 -tlruptum
331 1587 411 1649 llaec
427 1587 588 1647 euidentior
606 1586 698 1664 ligura
716 1592 778 1662 est,
801 1602 865 1644 cum
887 1583 973 1645 alicui
995 1587 1039 1644 rei
1060 1589 1175 1647 assenti

178 1691 256 1749 mur,
284 1691 358 1751 qnae
384 1679 429 1731 est
454 1671 548 1731 futura
574 1687 629 1749 pro
654 1667 753 1737 nobis:
780 1683 880 1727 verum
904 1666 933 1727 id
958 1668 1099 1729 accidere
1125 1673 1185 1730 sine

179 1755 338 1817 adversarii
357 1756 426 1816 uitio
443 1771 500 1815 non
516 1763 622 1834 potest.
661 1751 808 1826 Quaedam
828 1754 913 1812 etiam
927 1751 1008 1812 velut
1023 1752 1184 1830 laudamus,

179 1850 210 1900 ut
241 1838 345 1901 Cicero
373 1841 402 1900 in
429 1838 553 1900 Verrem
580 1841 658 1898 circa
684 1838 792 1896 crimen
811 1834 961 1914 Apollonii
976 1835 1184 1914 Drepanitani:
1214 1865 1215 1878 κ

178 1925 305 1986 Gaudeo
321 1925 421 2000 etiarn,
434 1925 462 1984 si
475 1923 551 2002 qnid
562 1924 601 1984 ab
612 1940 647 1984 eo
656 1920 818 1996 obstulisti,
832 1927 862 1981 et
874 1919 931 1994 eds
940 1928 970 1981 te
981 1921 1058 1982 nihil
1067 1925 1187 1984 recline
1213 1935 1214 1990 j

136 2009 295 2086 odfoctnm
312 2027 380 2069 esse
394 2009 474 2070 dico.
510 2007 626 2068 Interim
640 2021 778 2080 augemus
795 2004 928 2078 crimino,
951 2021 1025 2082 quae
1049 2023 1090 2064 ex
1108 2005 1186 2066 laoili

179 2101 228 2152 aut
243 2090 354 2152 diluere
369 2092 514 2170 possimus
530 2098 578 2150 aut
593 2105 720 2165 negare,
736 2087 813 2167 quod
829 2097 874 2147 est
888 2087 1081 2165 frequentius,
1102 2107 1185 2168 quam

179 2185 209 2235 ut
225 2174 389 2254 exemplum
407 2175 563 2236 desideret.
601 2172 717 2232 luterim
739 2171 797 2231 hoo
817 2173 883 2250 ipso
905 2171 990 2232 iidem
1006 2171 1185 2234 detrahimus

178 2259 249 2336 illis,
262 2259 339 2339 quod
350 2261 405 2320 siut
420 2269 477 2320 tam
492 2259 610 2336 gravia,
628 2266 658 2316 ut
675 2271 730 2336 pro
747 2255 857 2315 Roscio
870 2252 989 2331 Cicero,
1007 2273 1071 2316 oum
1089 2258 1185 2316 imma·

178 2345 296 2404 nitatem
316 2342 462 2421 parricidii
486 2358 647 2420 quanquam
667 2357 721 2418 per
744 2357 778 2398 se
793 2340 973 2399 manifestam
987 2347 1083 2400 tamen
1100 2341 1186 2400 etiam

178 2427 207 2485 vi
222 2427 360 2486 orationis
378 2435 547 2503 exaggerat.

137 2520 172 2576 tl
261 2500 484 2588 Ἀποσιώπησις,
495 2525 578 2586 mam
592 2508 669 2569 idem
681 2505 786 2568 Cicero
804 2508 1060 2584 reticentiam,
1078 2507 1184 2570 Celsus

179 2592 434 2669 obticentiam,
462 2591 592 2653 nonnulli
618 2593 932 2670 interruptionem
960 2592 1130 2672 appellant,
1157 2601 1184 2652 et

178 2678 241 2758 ipsa
258 2677 383 2738 ostendit
398 2677 506 2757 aliquid
522 2678 643 2737 allectus
658 2677 707 2737 uel
723 2678 800 2736 irae:
819 2684 849 2734 ut

244 2760 326 2835 Onos
341 2780 396 2842 ego
414 2795 455 2806 -
470 2762 528 2823 sed
541 2769 635 2824 motos
648 2769 790 2838 praestet
808 2777 987 2839 componere
1000 2757 1140 2839 tinctus,-

178 2845 227 2906 vel
235 2845 437 2906 sollicitudinis
450 2854 478 2905 et
490 2847 572 2925 quasi
585 2844 753 2922 religionis:
767 2841 817 2904 An
828 2845 918 2905 huius
929 2846 980 2907 ille
991 2845 1080 2925 legis,
1093 2863 1183 2926 quone
1212 2899 1213 2904 ,

180 2925 341 2992 Clodinso
361 2947 395 2990 se
409 2931 563 2991 inventam
581 2929 750 3008 gloriatur,
771 2929 946 2993 mentionem
962 2929 1075 3007 [coece
1089 2947 1184 2992 ansam
1212 2991 1214 2996 .

178 3021 258 3074 esset
271 3015 339 3076 cicc
353 3011 481 3091 Milone,
506 3031 568 3075 non
591 3013 694 3075 dicum
716 3011 923 3076 consulei'de
943 3021 1082 3075 nostrum
1107 3015 1183 3076 enin

178 3097 309 3159 omninno
322 3133 364 3143 —
378 3117 437 3160 non
454 3098 555 3160 audeo
569 3104 661 3159 toturn
683 3099 808 3166 dicere,·
832 3098 877 3157 eui
895 3097 989 3157 simile
1010 3107 1058 3157 est
1072 3099 1102 3158 in
1118 3114 1183 3177 pro·

137 3190 171 3244 55
180 3182 275 3241 oemio
297 3198 350 3261 pro
372 3178 562 3259 Ctesiphonte
592 3179 806 3242 Demosthenis.
850 3179 908 3240 Vel
933 3179 989 3241 alio
1015 3181 1182 3242 transeundi

179 3267 287 3343 gratia:
304 3263 459 3326 Cominius
474 3271 575 3326 antem
589 3299 632 3309 —-
646 3267 766 3328 temetsi
784 3266 930 3343 ignoscite
945 3265 1034 3340 mihi,
1050 3267 1183 3328 indices.

179 3348 210 3407 ln
226 3365 283 3427 quo
298 3357 343 3408 est
359 3357 387 3408 et
403 3347 453 3408 illa
470 3347 516 3427 (si
536 3356 631 3408 tamen
652 3350 727 3408 inter
754 3348 901 3409 schemata
923 3350 1068 3409 numerari
1084 3347 1182 3422 debet,

180 3449 244 3490 cum
261 3431 323 3491 aliis
340 3435 424 3493 etiam
438 3449 506 3511 pars
523 3450 629 3492 causae
643 3432 791 3512 videatur)
809 3433 1016 3510 digressio;
1033 3431 1093 3492 obit
1110 3434 1183 3492 enirn

180 3530 267 3575 causa
284 3518 312 3574 in
329 3515 430 3576 laudes
448 3513 499 3576 Gn.
520 3513 659 3595 Pompeii.
690 3515 781 3595 ldque
798 3516 860 3577 lieri
877 3517 960 3576 etiam
976 3517 1038 3575 sine
1055 3507 1183 3578 teman
