2470 3962
326 165 421 238 ¹ruse.
445 187 595 239 onnuort.
618 189 687 236 nro.
702 189 754 256 xr,
770 186 798 241 a.
986 179 1048 244 225

44 365 102 407 sex
118 354 217 425 partes
232 343 353 419 babeat,
376 345 515 422 septimus
536 347 573 404 sit
592 345 661 420 ille,
683 348 731 424 qui
747 348 775 406 in
791 367 823 408 se
839 347 930 424 redit,
953 349 1046 418 orbim

45 432 152 491 vitiosa
168 437 213 488 ert
224 443 279 489 una
295 429 511 488 circumversio.
542 427 658 506 Reliqui
673 438 739 489 ante
755 449 808 490 uos
825 439 854 490 et
870 431 971 492 dextra
987 432 1047 493 lae·

46 531 143 593 taque
162 520 191 572 et
208 529 320 571 sursum
335 520 363 572 et
378 510 513 571 deorsum
529 511 636 589 aliquid
651 514 820 583 ostendunt-3
839 515 867 572 in
882 503 1048 592 po'steriora

44 606 150 675 gestus
162 612 219 655 uon
230 594 369 672 dirigitur.
399 594 516 654 luterim
528 603 622 654 tamen
633 595 713 655 velut
725 598 807 657 reiioi
819 598 905 657 solet.
932 597 1046 677 Optime
1056 617 1109 669 106

45 689 143 741 autem
158 697 256 740 manus
274 696 291 738 a
305 679 419 738 sinistra
435 687 518 756 parte
533 680 649 757 incipit,
668 681 696 738 in
712 681 814 741 dextra
831 682 964 760 deponit,
993 683 1047 743 sed

44 773 76 824 ut
99 781 210 842 ponere
232 779 289 822 non
309 770 339 822 ut
361 762 450 822 ierire
467 762 611 830 videntum
636 780 798 843 quanquam
823 773 851 825 et
877 765 905 824 in
929 765 985 826 line
1006 768 1047 824 in·

46 849 132 908 terim
151 846 241 922 cadit,
261 855 290 906 ut
306 847 364 905 cito
380 854 476 906 tamen
490 846 606 922 redeat,
628 854 658 905 et
674 864 876 927 nonuunquam
890 849 984 909 resilit
998 849 1048 910 vel

44 930 220 1008 negantibus
235 927 318 988 uobis
332 928 383 988 vel
401 928 614 989 admirantibus.

7 1031 8 1034 ¹
131 1013 185 1074 llic
205 1021 324 1074 veteres
344 1013 471 1073 artifices
492 1013 562 1073 illud
582 1023 665 1074 recte
689 1015 872 1093 adiecerunt,
896 1025 926 1077 ut
949 1027 1048 1079 mantis

46 1115 112 1158 cum
133 1115 221 1158 sensu
247 1106 275 1156 et
298 1097 443 1174 inciperet
464 1105 494 1157 et
519 1097 726 1175 deponeretur.
764 1099 884 1179 Alioqui
903 1102 977 1160 enim
1000 1112 1048 1162 aut

46 1191 114 1243 ante
130 1198 233 1242 uocem
250 1182 301 1239 erit
319 1189 421 1257 gestus
437 1189 486 1240 aut
503 1189 571 1258 post
589 1197 710 1256 vocem,
732 1183 810 1261 qnod
831 1193 877 1244 est
897 1193 1049 1264 utrumque

45 1266 189 1327 deiorme.
225 1263 256 1323 ln
273 1264 325 1324 illo
342 1264 418 1342 lapsi
434 1265 519 1324 nimiu
534 1263 690 1326 subtilitate
706 1275 787 1342 sunt,
813 1267 891 1347 quod
912 1270 1109 1337 interval-107

47 1350 106 1410 lum
121 1356 214 1408 motus
229 1350 283 1408 tria
297 1347 388 1408 verba
404 1365 472 1407 esse
488 1347 655 1417 voluer-unm
672 1349 750 1427 quod
765 1367 860 1429 neque
877 1350 1052 1413 observatur

47 1450 144 1512 neque
161 1431 223 1492 deri
240 1440 355 1511 potest,
379 1431 431 1491 sed
447 1432 489 1491 illi
505 1433 587 1511 quasi
602 1450 765 1493 mensuram
781 1434 922 1495 tarditatis
945 1436 1049 1497 celeri·

46 1519 173 1595 tatisque
189 1515 313 1593 aliquam
329 1533 398 1576 ease
409 1515 580 1591 voluerunt,
596 1534 691 1596 neque
709 1517 867 1595 immerito,
884 1537 921 1579 ne
939 1527 987 1581 aut
1002 1519 1049 1580 diu

47 1601 143 1661 otiosa
160 1608 240 1659 esset
254 1617 353 1658 manns
372 1608 437 1674 aut,
459 1601 537 1678 quod
554 1600 633 1661 multi
647 1600 771 1678 iaciunt,
795 1605 939 1663 actionem
958 1606 1049 1664 conti·

48 1701 105 1744 nuo
122 1691 201 1744 motu
224 1682 402 1742 concideret.
436 1681 521 1743 atiud
544 1691 602 1759 est,
625 1685 703 1762 quod
717 1694 752 1744 'et
770 1686 800 1745 lit
822 1685 1001 1766 frequentius
1021 1698 1111 1752 etms

48 1769 139 1845 magis
157 1766 239 1826 tatltt.
261 1767 333 1827 Sunt
348 1765 488 1845 quaedam
502 1766 625 1826 latentes
641 1769 783 1828 sermonis
801 1772 1008 1847 percussiones
1021 1781 1050 1829 et
1130 1773 1132 1778 “

49 1851 132 1931 quasi
151 1850 240 1930 aliqui
256 1849 363 1929 pedes,
387 1849 422 1910 ad
439 1867 512 1928 quos
528 1851 714 1928 plurimorum
730 1862 831 1928 gestus
849 1853 941 1928 cadit,
965 1862 996 1911 nt
1013 1855 1050 1912 sit

48 1951 121 1995 unus
147 1940 242 1994 motus
263 1931 381 1995 Nonum
405 1935 535 2010 ammeta,
567 1934 642 1994 alter
665 1933 696 1996 0.
721 1934 858 2014 Caesar,
886 1938 988 1996 tertius
1012 1933 1053 1997 itt

47 2026 121 2081 aute
134 2018 215 2080 boue
231 2019 330 2094 diem,
347 2025 464 2096 quartus
481 2015 548 2079 Noa
563 2020 716 2096 auditum,
739 2019 843 2079 deinde
859 2019 1052 2099 Propinquus

48 2120 152 2177 meus,
175 2110 204 2162 et
219 2098 269 2162 Au
283 2109 327 2177 te,
351 2109 381 2159 et
397 2099 526 2174 Quintus
550 2100 687 2179 Tubero,
711 2111 741 2162 et
756 2102 881 2166 Detulit.
921 2103 1004 2164 Unde
1024 2104 1112 2167 idioti

49 2199 167 2264 quoque
183 2184 369 2260 lluituitium,
392 2193 424 2244 ut
438 2186 576 2261 iuuenes,
595 2204 658 2245 cum
674 2185 817 2263 scribunt,
838 2197 952 2265 gestum
968 2204 1051 2266 prae·

8 2289 10 2298 ’
48 2268 187 2329 modulati
204 2269 382 2346 cogitatione
400 2270 444 2328 sie
460 2279 649 2348 componant,
669 2271 816 2348 quomodo
834 2289 936 2332 casura
953 2288 1053 2331 manus

49 2361 105 2413 est.
135 2351 205 2412 Inde
226 2361 255 2412 et
276 2351 347 2413 illud
364 2353 478 2428 vitium,
500 2360 531 2412 ut
544 2362 663 2431 gestus,
687 2356 779 2432 quiin
796 2354 852 2414 line
868 2355 1054 2415 deutereses

49 2435 160 2512 debet,
182 2437 210 2496 iu
232 2437 376 2496 sinistrum
399 2437 569 2516 frequenter
589 2438 711 2498 desinat.
744 2437 850 2499 Melius
873 2439 961 2515 illud,
990 2449 1114 2501 eumilo

49 2521 107 2580 sint
122 2521 151 2580 in
166 2535 301 2580 sermone
321 2521 398 2580 omni
414 2519 515 2580 brevia
531 2521 671 2599 quaedam
692 2522 838 2598 membra,
860 2522 1004 2600 adquae,
1028 2523 1053 2581 si

49 2620 177 2663 neeesse
194 2604 247 2679 sit,
265 2605 401 2680 recipere
416 2605 547 2682 spiritum
562 2605 667 2679 liceat,
683 2605 719 2664 ad
736 2605 810 2665 haec
824 2614 939 2682 gestum
955 2605 1052 2682 dispo·
1099 2603 1101 2610 ’

49 2705 138 2748 uere:
169 2694 199 2747 ut
220 2696 287 2765 puta
308 2685 427 2749 Novum
450 2690 583 2764 cutmen,
611 2686 643 2749 0.
669 2689 807 2764 Oueeur,
834 2688 922 2749 babet
946 2704 1000 2766 per
1021 2705 1054 2747 se

8 2825 10 2828 .
51 2771 137 2831 linem
159 2770 300 2849 quendam
321 2789 420 2847 suum,
446 2773 512 2850 quic
533 2773 664 2850 sequitur
684 2773 863 2839 coniunctio:
888 2770 994 2833 deinde
1015 2768 1055 2833 tt

50 2861 123 2916 unte
142 2854 224 2916 bunc
239 2855 320 2916 diem
333 2874 394 2917 nou
411 2857 551 2918 auditum
567 2857 637 2915 satis
653 2857 901 2934 circumscriptum
918 2864 973 2915 est.
1008 2854 1055 2915 Ad
1079 2881 1081 2886 ·
1115 2847 1124 2870 '

51 2937 127 2998 baec
141 2937 385 2999 accommodanda
398 2956 497 2999 manus
513 2949 568 3016 est,
584 2939 671 3018 idque
682 2939 747 2999 dum
763 2941 818 3000 erit
829 2942 920 3018 prima
936 2947 967 2998 et
979 2956 1056 2999 com-

53 3023 148 3100 posita
169 3024 257 3082 actio.
293 3021 332 3082 m
355 3023 403 3082 ubi
426 3040 488 3082 eam
512 3024 593 3084 calor
614 3025 819 3084 concitaverit:
844 3025 929 3083 etiam
953 3031 1127 3100 gestnstll.

53 3106 203 3184 cumipse
225 3107 364 3167 orationis
386 3105 539 3167 celeritate
563 3106 742 3167 crebrescet.
780 3105 855 3167 liliis
872 3107 946 3166 locis
968 3107 1055 3165 citata

53 3189 118 3249 aliis
134 3206 238 3267 pressa
256 3191 409 3252 conueniet
425 3192 627 3267 pronuntiatio.
659 3190 713 3251 llia
727 3192 967 3265 transcurrimus,
985 3205 1041 3249 con

53 3273 200 3350 gerimus,
224 3273 418 3354 festinamus3¹
432 3272 488 3334 bac
502 3275 655 3349 instamus,
681 3274 875 3349 inculcamus,
900 3273 1052 3350 iuligimus.

52 3355 120 3415 Plus
133 3365 228 3416 autem
245 3357 366 3418 allectus
378 3356 485 3418 babent
497 3358 635 3425 lentiora;
651 3356 777 3437 ideoque
788 3356 912 3416 Roscius
930 3357 1053 3431 citatior,

8 3513 9 3518 ἵ
53 3438 191 3518 Aesopus
216 3443 335 3518 gravior
357 3440 428 3517 luit,
456 3441 533 3520 quod
556 3441 607 3501 ille
629 3441 796 3502 comoedias
818 3438 1056 3582 bicltragoedias

8 3529 9 3536 ’
94 3531 335 3591 mecummull.
885 3522 904 3582 5
