2494 3952
182 219 240 284 148
487 238 524 284 rr.
548 237 625 286 suu.
649 237 869 297 qururmmur

177 388 318 464 mirabor,
334 388 449 450 latinos
462 392 554 467 magis
570 391 723 452 indulsisse
739 395 942 471 compositioni
960 411 1044 472 quam
1055 393 1183 474 Atticos,
1243 421 1245 460 ὲ

122 480 235 550 ricquo
251 474 342 532 minus
360 475 388 532 in
403 472 501 532 verbis
514 473 641 534 ‘habeant
655 476 802 534 varietatis
819 484 848 535 et
863 479 990 555 gratiae;
1008 496 1065 538 nec
1083 480 1183 540 vitium
1240 485 1245 554 ζ

178 557 315 630 dixerim,
332 558 356 616 si
372 554 477 616 Cicero
495 575 510 616 a
525 557 724 618 Demosthene
740 559 856 636 paulum
871 563 899 620 in
914 561 969 621 hac
984 572 1069 640 parte
1088 562 1183 624 desei·
1243 565 1244 568 ’

177 641 227 699 vit.
273 640 332 701 Sed
348 658 421 719 quae
437 643 473 700 sit
489 640 649 701 differentia
665 643 755 700 nostri
772 640 934 724 Graecique
948 647 1111 720 sermonis,
1136 663 1183 706 er·

178 722 297 800 plicabit
312 742 436 784 summus
450 724 533 784 liber.

260 806 439 886 Compositio
453 807 532 886 (narn
544 808 628 867 linem
639 811 788 886 imponere
800 828 923 888 egresso
936 812 1112 874 destinatum
1127 834 1182 875 mo·
1238 861 1243 878 t

178 891 243 950 dum
263 891 399 951 volumini
422 891 545 972 festino)
564 891 652 952 debet
670 910 737 952 esse
760 892 900 972 honesta,
927 897 1069 972 iucunda,
1094 903 1181 960 varia.

47 1009 52 1016 ·
121 972 246 1034 ltiEius
264 983 323 1034 tres
339 983 437 1053 partes
453 975 544 1051 ordo,
561 976 742 1052 coniunctio,
764 994 908 1039 numerus.
955 980 1042 1040 Ratio
1060 983 1090 1041 in
1107 983 1182 1044 adie-
1237 1020 1240 1033 ι

176 1058 289 1132 ctione,
308 1057 506 1134 detractione,
522 1061 693 1128 mutatione:
715 1077 783 1120 usus
797 1078 850 1140 pro
867 1072 967 1124 natura
981 1082 1097 1142 rerum,
1115 1084 1183 1145 quas
1234 1046 1240 1073 ¹

175 1139 309 1200 dicimus:
333 1159 401 1202 cura
418 1159 537 1220 magna,
553 1151 584 1202 ut
598 1145 740 1204 sentiendi
758 1153 844 1223 atque
858 1147 1016 1226 eloquendi
1033 1150 1117 1228 prior
1133 1152 1181 1219 sit:

175 1222 364 1284 dissimulatio
383 1244 470 1286 curae
487 1228 660 1307 praecipua,
682 1237 712 1288 ut
732 1231 842 1289 numeri
857 1238 961 1310 sponte
980 1231 1105 1293 fluxisse
1127 1251 1183 1296 nou
1219 1262 1227 1297 r

175 1309 308 1368 arcessiti
325 1316 354 1369 et
369 1311 464 1370 coacti
480 1328 548 1370 esse
566 1310 727 1372 rideantur.
861 1321 868 1326 ’
1221 1306 1225 1317 '

540 1670 719 1735 LIBER
759 1672 803 1735 X.

173 1797 249 1848 dibre
267 1797 363 1849 decimo
382 1799 445 1850 haec
463 1801 633 1850 continentur:
655 1801 691 1851 De
704 1802 933 1868 copiarerborum.
973 1803 1045 1861 Quae
1061 1804 1178 1870 legenda.

207 1865 254 1926 Qui
273 1865 425 1918 Graecorum
447 1871 558 1920 maxime
582 1865 692 1936 legendi.
732 1869 782 1934 Qui
804 1871 982 1921 Romanorum.
1034 1873 1071 1921 De
1096 1875 1176 1922 imita·

205 1935 284 1988 tione.
312 1936 442 1996 Quomodo
461 1938 631 1999 scribendum.
662 1937 792 1996 Quomodo
811 1939 1005 1990 emendandum.
1039 1939 1109 1999 Quae
1129 1957 1179 1992 mu·

206 2004 275 2054 xime
292 2004 433 2058 scribenda.
470 2007 506 2056 De
524 2009 685 2073 cogitatione.
722 2007 851 2068 Quomodo
872 2009 1054 2074 extemporalis
1070 2010 1177 2060 lucilius

206 2079 310 2138 paretur
328 2081 352 2122 et
371 2075 535 2124 contineatur.

494 2227 535 2276 DE
556 2226 652 2278 OQPlA
670 2225 859 2279 VERBORUM.
898 2253 904 2263 ι

233 2339 255 2400 Ι.
278 2321 433 2403 Seruaeo
455 2339 609 2418 eloquendi
633 2348 808 2418 praecepta,
836 2340 910 2398 sicut
935 2327 1094 2416 cogurtioni
1115 2349 1179 2400 suut

175 2423 354 2498 necessaria,
372 2423 410 2484 ita
428 2425 564 2483 nonsatis
577 2425 679 2484 adrim
696 2422 809 2483 dicendi
825 2421 938 2498 valent,
956 2424 1010 2482 nisi
1026 2423 1084 2483 illis
1100 2423 1180 2484 firma

171 2507 310 2586 quaedam
323 2505 464 2582 facilitas,
481 2524 555 2585 quae
572 2509 648 2586 opud
663 2506 792 2568 Graecos
809 2503 865 2580 ἕξις
880 2507 1059 2583 nominatur,
1076 2525 1178 2568 acces·
1237 2564 1244 2593 ὃ

171 2592 257 2659 serit;
290 2591 325 2652 ad
347 2608 431 2670 quam
454 2590 609 2651 scribendo
630 2591 694 2671 plus
714 2609 749 2650 aa
765 2589 890 2668 legendo
913 2608 948 2649 an
964 2589 1089 2651 diceudo
1111 2609 1179 2651 con·
1245 2619 1246 2672 ᾗ

170 2675 295 2751 teratur,
316 2674 414 2734 solere
430 2677 529 2753 quaeri
545 2678 617 2735 scio.
664 2674 748 2748 Quod
767 2684 847 2735 esset
862 2673 993 2752 diligenti
1008 2673 1094 2734 nobis
1111 2693 1180 2736 exa·
1227 2694 1235 2709 ·

171 2758 332 2819 minandum
353 2775 437 2832 cura,
457 2757 481 2816 'si
500 2759 628 2836 qualibet
646 2777 743 2819 earum
759 2777 855 2818 rerum
870 2775 1023 2837 possemus
1039 2776 1096 2819 una
1112 2777 1181 2819 esse

142 2845 309 2902 acontenti.
352 2841 460 2902 Verum
486 2845 523 2904 ita
554 2852 619 2902 sunt
647 2845 722 2902 iuter
743 2862 776 2903 se
808 2860 938 2903 connexa
965 2852 994 2902 et
1022 2843 1181 2903 indiscreta

132 2954 135 2960 ·
170 2927 282 3003 omnia,
298 2935 344 3002 ut,
360 2925 467 3004 siquid
483 2945 520 2985 ex
535 2927 577 2986 his
594 2926 735 3003 deluerit,
755 2927 861 2987 frustra
876 2927 954 2987 sitin
972 2927 1079 2987 ceteris
1097 2926 1181 2986 labo·

170 3016 270 3069 ratum.
315 3008 387 3069 Nam
410 3027 505 3086 neque
520 3011 614 3071 solida
631 3019 718 3088 atque
733 3010 853 3071 robusta
870 3010 955 3071 luerit
977 3029 1102 3089 uuquam
1119 3010 1179 3071 elo·

171 3095 305 3172 quentia,
332 3094 386 3152 uisi
410 3093 498 3153 multu
519 3095 588 3155 stilo
610 3096 688 3153 vires
707 3095 869 3174 acceperit;
897 3103 925 3154 et
950 3095 1023 3155 citra
1044 3094 1178 3156 le‘otionis

171 3176 334 3255 exemplum
355 3175 438 3236 labor
460 3177 511 3237 ille
537 3196 640 3238 carens
664 3188 781 3239 rectore
796 3178 866 3239 lluit.
905 3176 960 3251 Qui
976 3187 1073 3238 autem
1093 3179 1178 3252 sciet,

172 3276 228 3338 quo
245 3277 377 3338 quaeque
400 3260 455 3319 sint
469 3262 556 3321 modo
572 3262 709 3337 dicenda,
732 3264 786 3322 nisi
802 3271 896 3322 tamen
915 3262 943 3321 in
960 3264 1114 3341 procinctu
1131 3279 1180 3340 pa·

171 3352 318 3422 ratamque
334 3345 369 3404 ad
385 3362 485 3404 omnes
509 3363 593 3405 casus
615 3345 747 3406 habuerit
765 3345 975 3424 eloquentiam,
999 3346 1080 3405 velut
1101 3345 1180 3406 clau·

141 3428 211 3486 ests
227 3427 370 3488 thesauris
385 3427 540 3489 incubabit.
578 3427 642 3488 Non
657 3438 751 3489 autern
767 3439 797 3488 ut
812 3429 937 3508 quidque
953 3431 1113 3508 praecipue
1128 3446 1179 3488 ne·

64 3559 68 3565 .
172 3511 328 3572 cessarium
347 3521 407 3589 est,
432 3512 475 3572 sic
497 3512 532 3573 ad
549 3512 730 3573 efficiendum
747 3521 891 3574 oratorem
911 3514 1025 3574 maximi
1046 3513 1178 3592 protinus
