2436 3956
213 195 254 258 ot
531 205 891 265 nr.ana.oumn1u1au1

214 362 338 439 deniqne
353 352 446 421 cronia
463 359 537 419 baec
555 359 591 420 ad
611 360 762 420 utilitatem
780 377 930 420 causamm
951 360 1041 420 solam
1053 355 1176 418 referenda

213 453 287 503 sunt.
333 441 417 502 Cultu
437 460 510 503 vero
528 451 613 521 atque
629 451 729 503 ornatu
745 461 778 502 se
799 460 916 522 quoque
939 442 1109 504 commendat
1121 443 1176 519 ipse,

215 529 263 605 qui
280 526 366 602 dicit,
383 536 412 586 et
428 529 456 586 in
470 528 576 586 ceteris
594 527 726 586 iudicium
741 526 907 601 doctorum,
925 528 954 586 in
968 526 1024 586 boc
1039 541 1105 585 vero
1116 527 1177 583 etiam

184 610 383 688 apopularem
400 609 514 670 laudem
534 610 615 688 petit.
655 608 718 669 Nec
737 609 860 669 fortibus
874 609 1032 670 modosed
1054 606 1178 668 etiamiul·

212 692 347 771 gentibus
363 695 448 752 armis
463 692 623 771 proeliatur
643 695 671 752 iu
687 709 774 752 causa
790 690 895 752 Cicero
912 691 1052 761 Cornelii;
1080 693 1122 770 qui
1138 703 1178 748 nor

212 785 387 836 consecutus
404 785 484 836 esset
503 774 636 835 docendo
658 775 781 835 iudicem
801 784 909 835 tantum
924 786 953 836 et
972 776 1079 836 utiliter
1095 775 1190 834 demun,

211 878 245 919 aa
260 859 359 919 latine
380 861 594 937 perspicueque
616 859 756 935 dicendo,
777 867 807 917 ut
821 858 946 938 populus
962 848 1102 919 Romanus
1117 854 1190 916 adm

210 945 349 1002 rationem
375 959 455 1001 suam
479 959 537 1000 non
563 941 769 1001 acclamatione
796 950 902 1002 tautum
925 942 978 1003 sed
1005 944 1087 1002 etiam
1104 939 1180 1017 plausa

211 1025 406 1084 confiteretur.
446 1025 611 1084 Sublimitas
626 1025 760 1102 profecto
777 1034 805 1083 et
819 1024 1032 1102 magnificentia
1047 1034 1075 1084 et
1089 1026 1181 1082 niteret

181 1110 368 1170 tauctoritas
389 1103 534 1185 expressit
555 1106 635 1166 illum
658 1108 814 1185 fragorem.
854 1107 918 1168 Nec
938 1117 996 1168 tam
1015 1107 1125 1168 insolita
1139 1105 1180 1164 lana

211 1199 290 1250 esset
306 1200 462 1270 prosecuta
477 1191 638 1266 dicentem,
657 1192 681 1249 si
696 1194 799 1252 usitata
815 1199 843 1250 et
865 1194 970 1250 ceteris
992 1192 1091 1251 similis
1106 1190 1181 1248 fuisset

211 1276 315 1334 oratio.
356 1273 453 1351 Atque
477 1291 534 1351 ego
554 1273 622 1334 illos
638 1275 743 1349 oredo,
763 1275 811 1353 qui
834 1274 967 1349 aderant,
995 1292 1052 1334 nec
1071 1273 1180 1338 sensisse,

210 1358 278 1433 quid
301 1358 446 1432 facerent,
472 1376 527 1416 nec
551 1365 654 1434 sponte
674 1357 839 1434 iudicioque
859 1357 1021 1435 plausisse;
1055 1357 1105 1417 sed
1126 1351 1181 1412 veto

208 1448 305 1497 mente
327 1448 428 1516 captos
448 1449 494 1514 et,
529 1456 586 1517 quo
608 1450 707 1500 esseut
728 1442 757 1498 in
786 1440 870 1515 loco,
894 1443 1014 1517 ignaros
1036 1434 1181 1516 erupisseb

209 1521 284 1580 bunc
303 1521 460 1599 voluptatis
476 1521 618 1581 affectum.

181 1615 198 1668 5
293 1605 351 1662 Sed
367 1622 404 1662 ne
420 1621 525 1664 causae
542 1605 656 1682 quidem
671 1623 771 1684 parum
786 1607 898 1665 confert
913 1605 989 1664 idem
1006 1606 1054 1666 bic
1071 1596 1180 1664 orationit

208 1693 335 1745 ornatus.
372 1685 461 1762 Nam,
485 1690 532 1766 qui
552 1687 677 1748 libenter
692 1690 822 1764 audiunt,
845 1697 874 1748 et
896 1691 987 1766 magis
1011 1687 1149 1749 attendunt
1164 1686 1181 1738 et

206 1768 321 1830 facilins
333 1769 470 1846 credunt,
486 1771 657 1849 plerumque
672 1775 735 1849 ipsa
747 1772 942 1832 delectatione
959 1775 1123 1850 capiuntur,
1133 1781 1181 1826 nan·

206 1870 349 1931 nunquam
364 1853 551 1914 admiratione
567 1855 741 1917 auferuntur.
780 1853 851 1914 Nam
871 1863 900 1913 et
916 1854 1027 1916 ferrum
1041 1855 1121 1915 affert
1134 1863 1181 1908 oen·

208 1937 243 1995 lis
257 1938 377 1995 terroris
393 1937 516 2015 aliquid,
529 1946 559 1996 et
573 1936 690 1996 fulmina
703 1938 767 2013 ipsa
779 1954 835 1996 non
850 1945 907 1996 tam
921 1953 974 1997 nos
988 1936 1182 2000 confunderent,

175 2033 192 2086 6
207 2020 231 2076 si
249 2021 294 2077 vis
311 2036 410 2078 eorum
425 2029 532 2080 tanturn
546 2036 603 2078 non
618 2022 703 2079 etiarn
718 2020 782 2096 ipse
796 2018 896 2096 fulgor
912 2022 1072 2080 timeretur.
1102 2017 1182 2076 Recte·

208 2119 264 2179 que
287 2099 391 2161 Cicero
413 2102 458 2162 bis
479 2105 551 2180 ipsis
572 2102 609 2162 ad
630 2101 746 2164 Brutum
765 2101 864 2161 verbis
889 2104 1013 2180 quadam
1032 2105 1062 2162 in
1085 2093 1183 2180 epistola

207 2184 323 2244 scribit:
348 2183 428 2247 Nom
442 2187 661 2264 eloquentium,
684 2201 764 2261 quae
777 2187 1015 2247 admirationem
1029 2205 1089 2248 noa
1107 2182 1183 2248 totu,

206 2269 321 2328 nullom
341 2271 456 2330 iudico.
500 2266 629 2328 Eandem
646 2267 822 2328 Aristoteles
846 2283 962 2347 quoque
983 2268 1133 2346 petendam
1144 2275 1183 2320 mr·

206 2352 282 2410 xime
296 2361 385 2429 putat.

291 2434 350 2494 Sed
369 2434 416 2494 bic
433 2443 550 2493 ornatus
568 2435 714 2511 (repetam
728 2435 817 2513 enim)
837 2433 929 2493 virilis
946 2443 975 2493 et
993 2434 1079 2495 fortis
1101 2441 1127 2492 et
1140 2443 1184 2488 san·

208 2525 270 2576 ctus
286 2519 323 2576 sit
337 2535 392 2576 nec
409 2515 598 2575 effeminatam
609 2515 757 2577 levitatem
771 2525 800 2576 et
815 2517 883 2575 fuco
899 2519 1065 2577 ementitum
1081 2514 1186 2576 colorem

134 2633 162 2644 m
177 2604 194 2660 i
209 2609 300 2676 amet,
323 2601 462 2676 sangnine
483 2608 512 2658 et
536 2599 644 2658 viribus
666 2602 765 2661 niteat.
810 2598 873 2658 Hoc
893 2609 988 2659 autem
1010 2600 1084 2660 adeo
1109 2606 1185 2657 veruo

208 2693 269 2759 est,
285 2693 332 2760 ut,
355 2700 418 2742 cum
431 2685 459 2740 in
474 2681 529 2742 bac
543 2684 666 2742 maxime
681 2691 763 2761 parte
780 2684 837 2741 sint
853 2684 946 2742 vicina
962 2683 1113 2743 virtutibus
1127 2676 1184 2742 vitia,

208 2767 307 2842 etiam,
325 2767 372 2842 qui
388 2767 464 2826 vitiis
480 2774 610 2841 utuntur,
626 2767 760 2826 virtutum
774 2775 868 2825 tamen
883 2767 917 2825 iis
932 2781 1038 2826 nomen
1053 2763 1185 2843 imponaul·

207 2848 305 2921 Quare
324 2865 408 2908 nemo
427 2866 464 2906 err
480 2850 624 2927 corruptis
640 2848 732 2923 dicat,
755 2866 801 2907 me
820 2849 962 2908 inimicum
980 2866 1048 2908 esse
1070 2846 1142 2908 culte
1158 2838 1185 2898 di·

208 2930 348 2990 centibus.
385 2929 450 2990 Non
466 2931 539 2991 banc
557 2949 624 2991 esse
639 2933 773 2990 virtutem
793 2947 888 3008 nego,
910 2931 963 2991 sed
987 2931 1045 2992 illis
1069 2947 1129 2990 eam
1146 2935 1186 2984 nat

178 3013 311 3074 &tribuo
353 3013 399 3073 An
422 3032 479 3091 ego
500 3015 617 3074 fundum
640 3014 791 3074 cultiorem
805 3023 919 3093 putem,
940 3017 969 3075 in
987 3030 1044 3093 quo
1060 3013 1126 3074 mibi
1139 3004 1185 3086 quii

208 3096 367 3157 ostenderit
381 3097 439 3158 lilia
455 3107 484 3158 et
495 3097 588 3157 violas
604 3106 633 3156 et
648 3115 819 3173 anemonas,
834 3098 930 3157 fontes
940 3107 1109 3176 surgentes,
1122 3100 1186 3171 quau

206 3181 255 3239 ubi
270 3181 357 3258 plena
371 3184 475 3241 messio
493 3189 540 3240 aut
551 3197 657 3256 graves
675 3180 769 3241 fructu
785 3182 860 3241 vites
876 3177 981 3240 erunt?
1003 3180 1129 3240 sterilem
1141 3169 1186 3250 pli·

207 3272 302 3324 tanum
318 3273 475 3343 tonsasque
486 3271 595 3339 myrtos
609 3281 692 3341 quarn
702 3267 830 3326 maritam
845 3263 950 3324 ulmum
965 3275 994 3324 et
1004 3264 1109 3323 uberes
1121 3257 1186 3340 oleat

206 3345 461 3426 praeoptaverim‘l
492 3344 622 3406 Habeant
640 3346 691 3408 illa
706 3348 825 3415 divitea;
849 3348 932 3416 licet;
959 3346 1026 3424 quid
1041 3351 1149 3413 essent,
1169 3347 1186 3392 εί

181 3429 287 3490 taliud
309 3430 377 3490 nihil
397 3426 556 3490 baberent?
594 3429 735 3490 Nullusne
759 3446 831 3508 ergo
854 3432 937 3490 etiam
960 3429 1104 3507 frugiferis
1123 3415 1186 3482 adli·

80 3616 185 3638 .-
