2494 3952
163 235 223 298 172
477 243 840 305 norcomannorum

160 403 252 464 cultas
273 403 385 461 inanem
405 399 491 460 modo
513 398 718 478 loquacitatem
739 396 817 458 dabit
850 404 878 456 et
902 396 991 457 verba
1017 399 1048 457 in
1073 397 1166 459 labris

130 487 318 549 arescentia
344 483 409 544 lllio
423 483 548 557 radices,
562 481 624 543 illic
639 480 821 541 fundamenta
834 489 910 556 sunt,
923 480 985 541 illic
997 497 1071 561 opes
1083 481 1167 542 velut

159 570 305 629 sanctiore
322 568 445 645 quodam
467 566 579 627 aerario
599 562 783 639 reconditae,
807 563 882 623 unde
904 563 940 624 ad
964 563 1076 630 subitos
1093 582 1166 642 quo·

159 669 215 730 que
228 669 329 750 'casos
354 667 417 710 cum
433 667 481 708 res
498 649 607 726 exiget,
620 647 813 725 proferantur.
845 645 932 706 Vires
947 645 1085 708 iaciamus
1098 658 1166 708 ante

159 737 263 809 omnia,
283 751 356 812 quae
373 733 516 792 suiiiciant
531 731 624 791 labori
640 732 826 790 certaminum
848 739 877 789 et
897 747 950 788 usu
972 747 1029 791 non
1056 729 1167 792 exhau-

130 821 275 880 4riantur.
316 814 392 876 Nihil
412 817 487 875 enim
509 832 604 874 rerum
626 817 688 891 ipsa
713 823 813 874 natura
830 813 922 872 voluit
937 829 1069 890 magnum
1087 813 1167 874 ellici

159 903 236 976 cito,
259 901 486 978 praeposuitque
509 897 702 977 pulcherrimo
727 899 832 974 cuique
849 897 932 975 operi
948 895 1167 965 difficultatem
1230 969 1231 974 γ

159 1001 233 1062 quae
251 984 387 1043 nascendi
404 999 519 1060 quoque
532 981 606 1040 hanc
624 981 727 1040 iecerit
742 980 849 1057 legem,
866 988 897 1038 ut
907 980 1014 1039 maiora
1031 981 1166 1040 animalia

159 1066 263 1125 diutius
280 1064 442 1125 visceribus
460 1066 587 1143 parentis
600 1066 824 1123 continerentur.

242 1149 303 1209 Sed
317 1166 380 1208 cum
395 1151 432 1207 sit
448 1149 555 1226 duplex
573 1149 723 1225 quaestio,
745 1147 925 1225 quomodo
947 1155 975 1204 et
994 1164 1088 1224 quae
1106 1166 1166 1206 ma·

130 1234 233 1296 crime
250 1231 337 1292 scribi
362 1241 514 1310 oporteat,
537 1232 591 1290 iam
612 1229 679 1289 hinc
700 1229 829 1289 ordinem
854 1246 969 1306 sequar.
1007 1229 1050 1290 Sit
1072 1233 1165 1308 primo

157 1316 206 1375 vel
222 1315 318 1374 tardus
336 1315 400 1374 dum
416 1315 539 1392 diligens
556 1314 656 1389 stilus,
680 1330 851 1391 quaeramus
873 1313 981 1390 optima
1002 1330 1059 1375 uec
1074 1315 1165 1391 proti·

158 1417 210 1458 nus
227 1397 415 1458 offerentibus
431 1417 463 1456 se
479 1398 684 1474 gaudeamus,
694 1395 862 1456 adhibeatur
877 1395 1011 1454 iudicium
1027 1397 1164 1472 inventis,

113 1541 115 1544 .
157 1481 309 1558 dispositio
325 1479 464 1557 probatis.
498 1479 638 1539 Deiectus
655 1477 1165 1557 enimrerumverborumqueagen·
1230 1543 1231 1578 ,

157 1564 210 1624 dus
227 1574 271 1623 est
288 1573 317 1623 et
333 1562 463 1641 pondera
476 1562 653 1640 singulorum
668 1560 862 1622 examinanda.
889 1561 959 1621 Post
970 1561 1075 1624 subeat
1090 1565 1165 1623 ratio
1230 1583 1231 1630 t

157 1644 321 1716 collocandi
338 1654 549 1723 versenturque
566 1646 742 1706 omnimodo
758 1646 877 1719 numeri,
896 1662 953 1703 non
973 1653 1004 1704 ut
1025 1646 1165 1725 quodque

128 1739 191 1794 fise
206 1729 337 1807 proieret
351 1728 472 1789 verbum
488 1738 613 1808 occupet
629 1730 735 1789 locum.
768 1727 849 1801 Quae
868 1726 981 1805 quidem
998 1737 1028 1788 ut
1040 1728 1164 1806 diligen·

156 1813 212 1872 tius
228 1830 415 1890 exequamur,
432 1813 591 1891 repetenda
607 1814 723 1891 saepius
740 1821 822 1871 erunt
835 1811 1008 1890 scriptorum
1018 1815 1163 1889 proxima.

155 1893 227 1955 Nam
239 1906 356 1975 praeter
370 1896 399 1956 id
410 1895 487 1974 quod
502 1898 545 1955 sic
561 1893 662 1955 melius
678 1898 831 1972 iunguntur
840 1894 986 1972 prioribus
999 1898 1163 1974 sequentia,

157 1979 238 2039 calor
260 1997 376 2058 qnoque
397 1978 448 2039 ille
469 1981 667 2056 cogitationis,
698 1980 746 2058 qui
772 1976 918 2038 scribendi
935 1994 1016 2037 mora
1037 1979 1163 2054 refrixit,

156 2064 261 2140 recipit
276 2080 313 2122 en
332 2065 447 2140 integro
471 2065 549 2122 uires
565 2072 594 2123 et
608 2062 689 2122 velut
704 2063 829 2139 repetito
851 2062 945 2140 spatio
968 2064 1058 2120 sumit·
1072 2065 1163 2140 impc-

155 2153 227 2212 tum;
256 2145 333 2224 quod
353 2147 382 2204 in
404 2148 559 2206 certamine
583 2144 704 2206 saliendi
720 2145 783 2204 lieri
805 2143 952 2219 videmus,
976 2153 1007 2203 ut
1028 2155 1163 2208 conatum

155 2227 271 2304 longius
293 2237 392 2307 petant
408 2238 437 2288 et
451 2229 487 2289 ad
510 2229 597 2304 illud,
621 2244 679 2308 quo
707 2228 904 2303 contenditur,
929 2229 1052 2306 spatium
1075 2247 1162 2289 cursu

155 2310 296 2380 ferantur:
317 2321 406 2390 utque
427 2314 456 2371 in
477 2311 628 2373 iaculando
646 2311 764 2372 brachia
785 2311 948 2372 reducimus
965 2319 994 2370 et
1010 2311 1163 2390 expulsuri
1230 2351 1231 2354 =

126 2393 212 2456 ltela
233 2413 339 2453 nervos
362 2405 440 2454 retro
463 2396 614 2456 tendimus
650 2395 766 2456 Interim
787 2403 898 2469 tamen,
920 2395 944 2453 si
965 2394 1042 2453 ieret
1063 2393 1161 2470 ilatus,

155 2475 247 2536 danda
263 2471 327 2535 sunt
336 2476 425 2560 vela,
449 2477 513 2537 dum
528 2495 581 2536 uos
601 2479 777 2556 indulgentia
793 2476 844 2537 illa
859 2495 916 2537 uon
931 2477 1022 2537 iallat.
1058 2475 1162 2538 Omnia

155 2561 228 2618 enim
248 2569 357 2636 nostra,
375 2560 440 2620 dum
458 2570 629 2638 nascuntur,
646 2561 776 2640 placent;
799 2559 908 2639 alioqui
924 2579 979 2620 neo
995 2560 1160 2622 scriberen-

153 2651 208 2701 tur.
245 2643 303 2704 Sed
325 2644 477 2704 redeamus
504 2644 539 2704 ad
563 2644 696 2705 iudicium
725 2654 754 2704 et
776 2652 969 2704 retractemus
991 2654 1160 2723 suspectam

123 2723 328 2788 8iacilitatem.
360 2729 409 2788 Sic
426 2729 581 2807 scripsisse
597 2721 762 2789 Sallustium
774 2729 951 2806 accepimus,
968 2736 998 2786 et
1013 2746 1084 2789 sane
1100 2747 1160 2790 ma-

153 2809 274 2868 nifestus
301 2819 345 2870 est
367 2813 451 2872 etiam
473 2830 511 2873 ex
532 2828 623 2891 opere
643 2813 708 2890 ipso
730 2811 823 2872 labor.
865 2809 1025 2888 Vergilium
1041 2829 1159 2891 quoquc

153 2894 343 2971 paucissimos
361 2894 408 2954 die
424 2897 625 2974 composuisse
640 2912 743 2954 versus
760 2903 862 2955 auctor
876 2894 1051 2954 estrvarius.
1087 2894 1158 2956 Ora·

124 2977 224 3040 storia
240 2975 355 3054 quidem
372 2978 428 3036 alia
449 2979 583 3040 condicio
599 2987 655 3039 cst.
693 2976 794 3056 ltaque
813 2977 887 3038 hanc
902 2993 1010 3037 moram
1029 2986 1060 3037 et
1075 2979 1158 3039 solli·

152 3057 306 3118 citudinem
325 3061 410 3120 initiis
434 3063 556 3140 impero.
595 3060 666 3122 Nam
688 3063 809 3139 primum
829 3060 886 3120 lroc
913 3060 1155 3138 constituendum,

130 3151 135 3155 ’
151 3142 209 3202 hoc
224 3142 408 3206 obtinendum
424 3154 484 3220 est,
507 3153 537 3204 ut
553 3162 636 3222 quam
652 3146 759 3223 optime
778 3143 952 3213 scribamus;
975 3143 1156 3206 celeritatem

152 3225 231 3286 dabit
246 3228 435 3288 consuetudo.
474 3226 610 3289 Paulatim
629 3246 677 3287 res
692 3227 805 3288 lucilius
824 3245 857 3287 se
873 3227 1041 3304 ostendent,
1064 3228 1155 3288 verba

151 3309 377 3388 respondebunt,
397 3313 569 3390 compositio
588 3321 793 3390 prosequetur,
815 3319 917 3371 cuncta
938 3312 1062 3390 denique
1077 3320 1108 3372 ut
1126 3313 1156 3374 in

110 3391 255 3456 loiamilia
275 3393 350 3454 bene
371 3395 499 3455 instituta
520 3397 549 3454 in
571 3395 673 3461 oficio⁴
686 3404 778 3455 eruut.
811 3395 923 3455 Summa
940 3394 1014 3457 haec
1031 3394 1153 3456 estrei:

151 3475 210 3537 cito
228 3476 382 3538 scribendo
397 3495 455 3538 non
469 3478 511 3557 iit,
533 3487 563 3538 ut
578 3477 654 3540 hene
669 3477 826 3548 scribatur;
849 3477 925 3539 hene
939 3475 1093 3538 scribendo
1110 3479 1153 3556 lit,

77 3655 155 3672 And-
