2494 3952
198 235 257 297 122
515 245 874 306 amnemamnem

149 399 293 468 'issonam
315 402 448 480 accipiat.
485 399 522 460 Et
548 419 599 461 our
623 419 669 462 mc
684 381 837 479 prohibeat
858 400 952 478 pudor
971 403 1012 461 uti
1035 401 1192 461 domestico

196 481 353 564 exemplo?
387 484 474 544 Pater
492 502 573 544 meus
591 494 692 545 contra
708 503 789 558 eum,
805 487 853 561 qui
868 501 901 543 se
918 484 1059 561 legationi
1074 487 1192 544 immori·

195 578 287 630 turum
303 569 431 643 dixerat,
454 568 558 628 deinde
574 570 622 627 vix
639 571 740 646 paucis
756 567 858 627 diebus
876 569 1027 646 insumptis
1042 587 1076 627 re
1093 569 1193 628 inlecta

166 675 173 690 ·
194 653 337 729 redierat,
358 649 426 714 Non
446 653 550 733 eciqo,
572 659 605 712 at
625 653 810 713 immemoris
834 653 993 730 leqoiioni,
1023 654 1194 714 immorare.

193 737 265 798 Nam
286 746 315 796 et
335 735 414 796 valet
435 751 538 795 sensus
562 737 627 814 ipse
644 745 673 795 et
689 737 717 795 in
730 734 828 795 verbis
842 744 949 795 tantum
964 735 1140 795 distantibus
1159 739 1193 794 in·

195 821 288 882 cunde
304 828 445 880 consonat
461 836 531 895 vox,
546 821 718 898 praesertim
732 835 790 878 oon
806 827 919 897 captata
929 818 982 878 sed
993 819 1078 879 velut
1090 820 1192 892 oblata,

196 923 259 965 curn
283 905 375 965 altero
398 920 451 962 suo
473 905 510 963 sit
531 921 599 962 usus
626 903 748 963 alterum
775 902 810 962 ab
838 903 1006 962 adversario
1037 906 1192 982 acceperit.

149 987 316 1065 74Magnae
333 986 480 1046 veteribus
499 1004 585 1046 curae
602 987 671 1062 luit,
692 987 814 1063 gratiam
839 985 953 1046 dicendi
976 995 1005 1045 et
1028 987 1152 1065 paribus
1171 995 1193 1045 et

107 1070 109 1078 ’
195 1073 345 1132 contrariis
363 1072 526 1148 acquirere.
564 1069 685 1148 Gorgias
707 1071 736 1129 in
758 1070 816 1129 hoc
837 1070 1022 1146 immodicus,
1046 1073 1193 1149 copiosus,

193 1164 289 1215 aetate
305 1157 403 1233 utique
423 1155 524 1232 prima,
542 1152 688 1214 Isocrates
705 1154 765 1213 luit.
801 1153 971 1213 Delectatus
986 1163 1032 1213 est
1051 1153 1098 1214 his
1115 1157 1194 1214 etiarn

193 1237 232 1298 ll.
248 1238 369 1315 Tullius,
387 1255 487 1297 verum
503 1247 533 1297 et
548 1238 661 1297 modum
672 1236 799 1297 adhibuit
810 1254 867 1296 non
879 1238 1021 1314 ingratae,
1040 1239 1097 1297 uisi
1113 1239 1194 1317 copia
1224 1269 1225 1286 r

193 1323 350 1397 redundet,
373 1321 515 1400 voluptati
539 1331 568 1381 et
588 1339 649 1382 rem
668 1321 777 1400 alioqui
793 1320 887 1380 levem
905 1323 1112 1381 sententiarum
1128 1341 1192 1402 pon·
1224 1321 1225 1394 j

194 1407 264 1466 dere
282 1407 421 1486 implevit.
463 1403 535 1464 Nam
550 1424 604 1484 per
622 1423 655 1470 sc
673 1406 777 1482 frigida
793 1412 822 1464 et
839 1406 928 1464 inanis
945 1405 1113 1482 affectatio,
1138 1423 1193 1466 cnm

193 1491 222 1549 in
238 1507 322 1549 acres
339 1489 438 1548 incidit
458 1506 580 1565 sensus,
604 1490 699 1550 innata
720 1489 834 1548 videtur
848 1487 957 1548 hahere
972 1506 1031 1548 uon
1044 1493 1191 1550 arcessita.

147 1581 185 1636 75
277 1572 457 1633 Similium
473 1572 536 1632 lere
553 1572 735 1652 quadruplex
749 1573 823 1632 ratio
839 1581 894 1632 est.
916 1571 988 1632 Num
1005 1580 1051 1632 est
1063 1576 1191 1652 primum,

193 1659 327 1736 quotiens
342 1655 461 1715 verbum
478 1656 570 1716 verbo
589 1665 638 1716 aut
658 1674 715 1717 non
733 1657 872 1717 dissimile
887 1655 973 1716 valde
988 1657 1154 1734 quaeritur:
1168 1665 1193 1716 ut

371 1773 413 1786 —
427 1738 609 1820 Poppesquc
624 1749 696 1802 tace
709 1741 865 1819 pedesque
879 1747 1022 1808 tuorum,-

194 1833 222 1884 et
245 1823 299 1886 Sic
320 1827 352 1886 in
372 1825 432 1886 leco
452 1826 630 1887 calamitoso
649 1826 735 1904 soma
758 1825 847 1903 quasi
865 1826 898 1884 io
916 1825 1022 1903 utiquc
1041 1825 1191 1902 peraricio

192 1911 314 1970 sisaim
334 1906 474 1987 dommo,
497 1919 526 1968 et
550 1907 617 1970 Noa
639 1911 719 1970 enine
740 1917 803 1970 lom
826 1925 898 1985 spes
921 1908 1087 1970 loatdoodo
1107 1925 1192 1987 qaam
1223 1957 1224 1962 ,

192 2012 245 2055 res
259 2000 320 2068 est,
343 2001 391 2052 aut
415 2001 496 2052 certe
511 2010 565 2071 par
587 2001 615 2051 et
632 1994 767 2052 extremis
785 1991 906 2067 syllabis
931 2008 1113 2051 consonans:
1130 1990 1191 2052 Noa

147 2077 293 2140 ldoerdis
311 2077 369 2138 sed
388 2077 494 2136 armis.
536 2074 574 2136 Et
593 2076 649 2135 lroo
673 2093 805 2155 quoque,
830 2077 963 2153 quotiens
984 2077 1013 2134 in
1037 2076 1190 2134 sententias

193 2178 277 2220 acres
292 2159 407 2236 incidit,
431 2159 581 2238 pulchrum
597 2169 656 2219 est:
682 2158 834 2233 Quaestum
847 2162 957 2236 possis,
977 2161 1010 2220 in
1026 2178 1062 2221 eo
1077 2176 1191 2237 semper

194 2245 353 2322 esperiae,
370 2251 402 2305 ut
418 2246 528 2340 prosis.
558 2242 622 2303 Hoc
637 2253 683 2303 est
698 2260 843 2322 παρισον
862 2252 893 2301 ut
908 2242 1059 2321 plerisque
1076 2243 1189 2321 placuit

193 2327 378 2388 Cleosteleus
393 2345 521 2407 παρισον
536 2327 695 2402 existimat,
718 2327 811 2406 quod
817 2328 853 2386 sit
876 2345 892 2386 c
913 2325 1050 2386 membris
1064 2343 1123 2386 non
1140 2325 1190 2385 dis·

148 2412 345 2477 itsimilihus;
362 2411 536 2485 secundum,
553 2411 728 2470 utelausula
744 2410 875 2471 srmrlrter
891 2410 974 2470 cadat
982 2410 1165 2486 syllabus
1147 2427 1189 2469 us

193 2495 280 2554 dem
272 2513 300 2554 m
320 2494 445 2554 ultimam
462 2503 573 2576 partem
590 2495 720 2570 collatis,
745 2487 970 2572 ομοιοτέλευτον,
989 2495 1114 2554 similem
1129 2494 1188 2554 doa-

192 2595 254 2637 rum
269 2578 473 2638 sententiarum
494 2578 543 2638 vel
559 2579 681 2657 plurium
701 2579 799 2638 linem:
820 2575 886 2640 Nou
903 2578 993 2639 modo
1009 2579 1188 2639 adsalutem

193 2664 259 2723 eius
278 2663 515 2741 colloquendum
534 2664 592 2725 aad
613 2666 702 2725 etiam
722 2664 852 2741 pluriam
870 2679 930 2739 per
948 2663 1026 2722 tales
1048 2664 1132 2724 oiros
1146 2663 1186 2721 in-

191 2747 396 2825 friapendom.
429 2745 475 2807 Ex
491 2747 594 2825 quibus
612 2747 674 2807 lere
691 2747 775 2821 liunt,
792 2762 850 2805 non
865 2754 958 2805 tamen
974 2755 1005 2804 ut
1019 2763 1138 2824 semper
1150 2741 1186 2802 ul·
1224 2779 1225 2784 κ

193 2831 267 2888 timis
299 2839 473 2906 consonent,
501 2849 575 2909 quae
603 2831 730 2911 epistota
758 2830 905 2890 dicuntur:
940 2827 1020 2890 Vicit
1045 2832 1187 2907 pudorem

193 2913 303 2989 libido,
324 2916 461 2976 timorem
476 2916 627 2992 audacio,
651 2916 799 2976 rodonem
814 2915 955 2975 amentio.
1003 2913 1063 2973 Sed
1081 2916 1110 2972 in
1127 2927 1186 2990 qua·

193 3007 290 3056 ternas
315 3015 431 3076 quoque
455 3016 489 3057 ac
517 2999 616 3076 plures
639 2998 719 3058 haec
744 3000 817 3058 ratio
839 2999 882 3056 ire
904 2999 1064 3057 sententias
1087 3002 1186 3075 potest

192 3079 238 3140 Fit
253 3082 337 3140 etiam
354 3081 474 3158 singulis
485 3081 599 3141 verbis:
615 3081 742 3143 Hecuba
753 3083 810 3143 doc
826 3082 916 3157 dolet,
929 3082 1037 3159 podet,
1049 3082 1151 3160 popei,-
1165 3085 1188 3136 et

150 3161 284 3241 reddite,
300 3167 443 3264 excessit,
459 3167 569 3263 erupit,
586 3167 691 3227 eoosa't.
721 3164 849 3224 Tertium
864 3173 908 3224 est
911 3164 1056 3260 ,quodiu
1076 3164 1188 3224 eosdem

194 3265 278 3308 casus
300 3239 424 3324 cadit,‘
413 3242 609 3351 ομοιόιιτωτον
630 3248 741 3309 dicitur.
786 3249 844 3308 Sed
865 3266 976 3349 neque,
988 3239 1083 3327 quod
1112 3248 1189 3306 linem
1223 3257 1225 3322 ᾗ

193 3331 281 3392 habet
295 3332 432 3408 similem,
459 3341 503 3392 est
518 3325 732 3432 dpordrrporov‚
757 3342 785 3392 et
804 3334 903 3410 utique
924 3334 952 3392 in
973 3333 1097 3393 eundem
1118 3331 1191 3391 venit

193 3415 277 3474 linem
293 3377 520 3493 dpoeoaiieoroo3
539 3418 604 3495 quia
621 3407 816 3494 ὃμοιόιιτωτον
831 3425 877 3475 est
891 3425 997 3476 tantum
1008 3433 1077 3476 casu
1090 3415 1190 3486 simile,

194 3500 304 3558 etiamsi
323 3499 470 3559 dissimilia
486 3502 556 3575 sint,
578 3518 653 3578 quae
670 3500 867 3577 declinentur,
890 3518 945 3560 nec
968 3501 1120 3560 tantumno
1139 3499 1191 3557 lunc
