2470 3962
168 183 231 246 256
487 196 850 256 u.nns.qu1un1n1uu1
1215 169 1222 232 ἴ

167 359 399 427 caussaretur,
422 352 556 431 idemque
574 359 687 429 portum
703 348 781 410 illum
803 349 987 429 eloquentiae
1003 367 1079 410 suae
1097 350 1174 412 salu·
1211 335 1215 392 7

166 445 256 496 turem
279 451 337 494 nou
359 436 444 495 etiam
466 436 566 513 piratis
581 433 740 512 patefaciet
754 434 933 510 duceturque
955 435 983 492 in
1003 433 1174 495 aduocatio·

138 534 232 583 suem
249 519 372 580 manime
387 536 485 580 causa.
513 516 653 593 Quoniam
664 526 759 577 tamen
771 533 884 591 omnes,
901 517 949 596 qui
962 531 1021 576 non
1037 517 1173 596 improbe

144 661 147 666 .
167 601 330 680 litigabant,
348 618 469 681 quorum
486 610 567 660 certe
583 599 661 660 bona
676 617 745 678 pars
759 609 820 675 est,
838 602 982 660 sustinere
997 617 1059 660 non
1075 609 1174 679 potest

167 704 256 746 nnus:
286 685 393 765 aliquid
411 694 440 745 et
456 683 714 763 commendantium
729 685 865 762 personis
881 682 961 743 dabit
977 693 1010 743 et
1030 685 1171 762 ipsorum,

167 771 215 850 qui
231 768 337 829 iudicio
358 769 532 842 decernent,
559 776 588 827 ut
611 767 710 846 optimi
728 769 869 846 cuiusque
884 766 1035 827 voluntate
1053 785 1172 828 movea-

137 863 227 921 titum
249 869 372 932 namque
387 852 442 913 bos
458 851 693 924 etamicissimos
710 849 829 910 babebit
843 851 888 910 vir
902 850 1020 910 bonus.'
1040 852 1172 912 Summo·
1221 891 1222 896 κ

165 935 287 997 vendam
301 951 374 996 vero
390 944 435 996 est
450 943 600 1013 utramque
617 933 740 994 ambitus
752 951 846 1010 genus
856 933 905 994 vel
918 932 1090 1014 potentibus
1106 952 1172 995 eon·

166 1030 208 1080 tra
221 1019 343 1079 humiles
358 1017 524 1079 venditandi
540 1033 659 1096 operam
671 1035 750 1078 suam
766 1016 815 1076 vel
831 1015 900 1077 illud
916 1019 1002 1078 etiam
1018 1019 1172 1078 iactantius

167 1105 293 1163 minores
313 1104 412 1181 utique
436 1111 536 1161 eontra
555 1100 722 1177 dignitatern
739 1099 900 1160 attollendi.
933 1099 998 1160 Non
1019 1102 1099 1162 enim
1115 1103 1171 1163 ior·

165 1198 231 1246 tuna
250 1203 354 1246 causas
370 1185 418 1245 vel
433 1185 524 1247 iustas
538 1183 587 1246 rel
605 1183 753 1263 improbas
765 1183 843 1244 iacit.
874 1182 978 1264 itaque
988 1201 1065 1245 vere
1075 1186 1171 1264 pudor

166 1270 282 1344 obstet,
303 1286 360 1348 quo
378 1269 470 1331 minus
486 1276 666 1346 susceptam,
690 1285 754 1328 cum
768 1267 873 1328 melior
889 1268 1057 1343 videratur,
1083 1269 1169 1342 litem,

166 1355 281 1430 cognita
303 1354 378 1412 inter
400 1351 618 1431 disceptandum
639 1348 805 1432 iniquitate,
830 1350 968 1428 dimittat,
1000 1370 1067 1411 cum
1091 1355 1169 1433 prius

138 1438 304 1513 ilitigatori
322 1435 427 1495 dixerit
441 1447 551 1495 verum.
585 1432 658 1494 Natu
675 1437 703 1494 iu
719 1433 776 1495 boe
792 1436 959 1511 martimum,
982 1435 1008 1494 si
1027 1438 1116 1514 aequi
1131 1439 1170 1495 in·

164 1521 246 1580 dices
262 1535 377 1594 samus,
402 1517 576 1580 beneficium
594 1527 657 1593 cst,
681 1526 712 1578 ut
726 1533 783 1576 non
799 1518 932 1578 fallamus
946 1535 1021 1578 vana
1043 1537 1100 1598 spe
1117 1519 1169 1580 liti·

163 1610 288 1680 gentem.
326 1595 430 1680 Neque
455 1609 499 1661 est
519 1601 623 1678 dignus
645 1617 736 1680 opera
762 1602 892 1679 patroni,
925 1603 974 1680 qui
996 1618 1056 1660 non
1084 1604 1170 1664 utitur

164 1684 299 1746 consilio.
327 1683 365 1744 llt
380 1693 462 1744 certe
479 1701 538 1744 non
554 1687 689 1745 convenit
706 1686 750 1760 ei,
767 1701 853 1764 quem
869 1693 1016 1744 oratorem
1033 1704 1104 1746 esse
1118 1704 1168 1747 vo·

111 1789 122 1796 ⁷
165 1771 277 1844 lamus,
300 1769 404 1830 iniusta
419 1769 494 1830 tucri
512 1768 663 1830 scientem.
697 1765 769 1828 Nam
783 1769 810 1827 si
830 1768 964 1845 exiliis,
989 1787 1062 1847 quas
1080 1787 1167 1849 supra

164 1855 303 1927 diximus,
327 1853 421 1914 causis
437 1851 541 1913 laisum
554 1845 695 1913 tuebitur:
720 1853 775 1913 erit
790 1859 886 1912 tamen
901 1852 1070 1930 honesturn,
1090 1853 1167 1932 quod

164 1941 229 2016 ipse
247 1937 346 1997 faciet.
390 1987 405 2000 .

137 2028 155 2082 Β
201 2089 210 2096 ,
250 2019 424 2080 Gratisne
441 2021 468 2080 ei
480 2037 598 2098 semper
609 2019 751 2096 agendum
763 2021 810 2096 sit,
823 2021 939 2080 tractari
949 2028 1059 2098 potest.
1084 2019 1166 2094 Quot

165 2121 204 2164 ex
226 2104 318 2182 prima
339 2105 433 2164 statim
451 2103 546 2164 ironia
566 2103 741 2179 diiudicare,
766 2103 985 2182 imprudentium
1006 2113 1063 2163 est.
1096 2103 1166 2164 Nan

164 2189 231 2268 quis
247 2188 377 2264 ignorat,
401 2189 469 2266 quin
486 2187 514 2246 id
531 2187 618 2264 longe
634 2188 670 2247 sit
688 2183 921 2248 honestissimum
943 2205 979 2248 ac
996 2186 1166 2248 liberalibus

164 2271 325 2348 disciplinis
341 2279 370 2330 et
385 2271 454 2346 illo,
479 2287 563 2349 quem
580 2271 736 2348 exigimus,
756 2273 848 2330 animo
867 2271 1084 2348 dignissimum,
1111 2287 1167 2330 non
1221 2271 1222 2274 ’

164 2353 294 2414 vendere
320 2371 439 2432 operam
463 2371 521 2413 nec
547 2354 666 2415 elevare
689 2356 760 2414 tanti
785 2353 922 2415 beneficii
949 2356 1164 2422 auctoritatem

165 2455 228 2496 cum
244 2436 386 2514 pleraque
402 2435 459 2496 boc
476 2438 540 2514 ipso
556 2431 775 2514 possintvideri
788 2438 866 2514 vilia,
885 2437 963 2517 qnod
977 2439 1104 2516 pretium
1118 2437 1165 2498 ba·

135 2515 254 2582 9beut?
277 2516 383 2580 Cascis
394 2519 467 2593 boe,
485 2529 514 2580 ut
531 2521 625 2597 aiunt,
642 2521 712 2581 satis
729 2522 837 2582 clarum
848 2523 912 2598 est,
929 2539 985 2582 uec
1001 2523 1165 2601 quisquam,

165 2605 213 2682 qui
234 2602 407 2663 sufficieutia
430 2603 485 2663 sibi
507 2604 644 2681 (modios
665 2602 760 2664 antem
782 2605 856 2665 haec
880 2607 966 2684 sunt)
989 2605 1164 2684 possidebit,

163 2687 239 2746 bunc
256 2697 405 2764 quaestum
423 2688 485 2746 sine
501 2689 619 2748 crimine
635 2686 761 2749 sordium
777 2688 891 2749 iecerit.
922 2687 960 2748 tr
976 2691 1000 2748 si
1017 2707 1068 2749 res
1085 2689 1164 2749 lauri·

164 2770 243 2829 liaris
259 2771 381 2848 amplius
397 2770 504 2850 aliquid
521 2772 557 2833 sd
574 2789 644 2830 usus
659 2773 846 2833 necessarios
868 2774 983 2850 exiget:
1007 2773 1163 2832 secundum

164 2854 288 2912 omnium
312 2855 481 2931 sapientium
496 2853 581 2932 leges
595 2855 723 2932 patietur
743 2854 798 2915 sibi
814 2857 934 2933 gratiam
950 2855 1075 2932 relerri,
1102 2873 1162 2916 cum

165 2944 194 2995 et
207 2937 321 2995 Socrati
338 2936 474 2997 collatum
490 2939 527 2997 sit
543 2937 578 2997 ad
593 2940 716 3014 victum,
733 2947 763 2998 et
778 2938 869 3013 Zeno,
887 2936 1056 3014 Cleanthes,
1074 2936 1162 3014 Chry·

125 3020 266 3098 iosippus
283 3019 437 3079 mercedes
453 3037 469 3080 a
486 3019 636 3098 discipulis
652 3023 879 3100 acceptaverint.
909 3021 1012 3101 Neque
1031 3024 1107 3081 enirn
1122 3023 1162 3082 vi·

164 3103 239 3178 deo,
275 3121 349 3181 quae
370 3103 473 3162 iustior
502 3105 671 3183 acquirendi
693 3107 767 3166 ratio
789 3123 874 3185 qnam
898 3123 935 3165 ex
958 3107 1158 3168 honestissimo

164 3185 267 3247 labore
283 3195 312 3246 et
327 3186 363 3246 ab
379 3186 431 3261 iis,
448 3186 484 3246 de
501 3185 604 3265 quibus
622 3188 730 3266 optime
746 3190 917 3266 meruerint,
936 3192 1065 3269 quique,
1083 3192 1108 3250 si
1125 3193 1164 3251 ui·

163 3269 204 3329 bil
219 3271 342 3329 invicem
358 3278 523 3348 praestent,
542 3271 650 3348 indigni
667 3272 773 3333 inerint
788 3271 968 3333 defensione.
998 3272 1085 3347 Quod
1102 3275 1160 3352 qui
1195 3299 1201 3309 ·

71 3389 74 3396 ·
164 3353 230 3412 dem
245 3356 420 3414 noniustum
437 3352 522 3414 modo
539 3354 592 3415 sed
607 3355 804 3416 necessarium
822 3358 907 3416 etiam
924 3365 985 3432 est,
1009 3374 1073 3416 cum
1089 3357 1165 3418 baec
1205 3321 1222 3444 d

163 3435 228 3512 ipsa
243 3453 334 3513 opera
349 3444 520 3517 tempusque
537 3455 621 3497 omne
636 3437 738 3498 olienis
748 3439 875 3516 negotiis
886 3439 980 3500 datum
996 3439 1162 3503 fucultatem
1219 3475 1222 3552 q

1211 3766 1222 3918 l
