2436 3956
183 235 223 296 92
499 247 858 306 n.nee.qn1ns1n1nn1

183 409 213 461 et
227 403 381 462 revocatio
394 401 490 476 uerbi,
507 407 536 460 et
551 401 615 476 itta,
632 415 712 478 quae
722 401 859 462 similiter
875 402 1017 462 desinunt
1034 411 1088 462 out
1102 420 1175 481 quoe

184 485 300 545 cudunt
316 485 454 545 similiter
475 492 530 544 aut
556 498 636 561 quae
658 484 789 560 paribus
813 487 909 561 paria
929 486 1109 563 referuntur
1128 496 1176 548 aut
1206 533 1207 554 ,

139 581 263 643 aequos
276 577 347 628 sunt
360 569 440 628 inter
454 585 488 626 se
507 567 629 627 simitia.
669 563 726 626 Est
747 567 838 627 edom
858 569 1005 646 predatio
1028 573 1177 646 quaedam
1206 557 1207 572 ¹

182 655 212 710 et
225 654 383 712 conversio
398 659 427 711 et
440 639 601 711 cuborum
617 651 767 710 concinna
782 652 997 729 trausqressio,
1013 657 1044 712 et
1061 662 1174 714 contra

180 737 262 795 rium
277 743 307 794 et
321 735 516 808 dissolutum,
534 733 742 793 etdectinutio
758 741 788 792 et
803 734 1010 812 reprehensio,
1030 743 1060 795 et
1077 739 1175 796 encta·

137 867 142 873 .
181 819 274 877 mutio
289 826 319 878 et
331 819 516 884 imminuam·
536 824 565 875 et
591 817 673 894 quod
692 818 724 876 in
741 815 843 876 mulus
866 818 989 878 roudus
1006 819 1135 896 ponitur
1155 828 1178 879 et

182 900 263 977 quod
277 901 316 960 de
334 900 461 978 sinqutis
476 899 569 960 rebus
585 900 749 976 propositis
764 899 888 983 ductum
908 900 1046 977 refertur
1062 903 1109 961 ud
1122 905 1177 962 sin-

50 1051 54 1054 ,
178 983 263 1060 quta,
281 991 309 1042 et
325 985 370 1044 ad
382 983 572 1061 propositum
586 982 723 1042 subiecto
738 983 817 1042 ratio
833 992 862 1043 et
875 985 944 1044 item
960 985 992 1042 in
1011 985 1179 1046 distributis

139 1080 173 1134 35
182 1067 341 1142 supposita
366 1068 466 1135 ratio,·
487 1074 515 1126 et
535 1066 696 1142 permissio
718 1074 747 1126 et
766 1083 877 1126 rursus
898 1067 963 1127 otio
989 1068 1141 1130 dubitatio
1156 1077 1180 1128 et

180 1149 377 1226 inprovisum
392 1147 564 1228 quiddom;
589 1157 618 1209 et
638 1149 840 1210 dinumeratio
862 1158 891 1210 et
907 1151 971 1210 otia
989 1153 1180 1212 comerrien

181 1232 352 1310 dissipatio,
369 1243 398 1295 et
413 1233 618 1294 condnuotum
637 1240 666 1292 et
679 1233 897 1310 interruptum,
922 1240 951 1293 et
965 1233 1069 1312 imuqo
1086 1244 1117 1295 et
1129 1235 1181 1295 eiii

179 1315 242 1392 ipsi
252 1318 420 1392 responsio,
437 1325 466 1377 et
475 1317 641 1376 immutatio
659 1323 687 1376 et
701 1317 873 1391 disiunctio,
890 1327 918 1377 et
927 1317 1004 1378 ordo
1019 1325 1050 1376 et
1065 1319 1178 1389 retutio,

139 1407 209 1469 sset
226 1400 377 1477 diqressio
392 1407 421 1459 et
436 1400 687 1473 circumscriptio.
717 1397 804 1460 Haec
824 1401 903 1459 enim
919 1409 989 1460 sunt
1007 1400 1079 1477 fere
1095 1409 1180 1478 atque

180 1481 287 1541 trorum
301 1483 414 1542 similia
430 1485 480 1542 oet
490 1482 584 1558 ptura
599 1483 690 1541 etiam
701 1499 767 1542 esse
779 1492 916 1560 possunt,
934 1499 1014 1560 quoe
1028 1485 1180 1544 sententiis

180 1565 348 1625 mationem
363 1564 586 1642 verborumque
602 1565 892 1643 conformationibus
906 1567 1085 1626 illuminent.
1206 1615 1207 1644 ,

264 1644 374 1706 Eadem
403 1655 468 1706 snnt
497 1649 525 1705 in
546 1644 669 1706 Oratore
691 1648 813 1726 plurima
840 1665 897 1707 non
919 1650 1012 1707 omnia
1036 1657 1135 1708 tumen
1156 1657 1180 1708 et
1206 1645 1207 1692 ἶ

180 1730 269 1808 paulo
284 1732 377 1807 magis
393 1730 537 1805 distincte,
562 1732 627 1808 quie
645 1739 713 1808 post
728 1733 865 1790 orationis
885 1740 914 1790 et
930 1733 1140 1792 sententiarum
1154 1732 1179 1790 fl-

179 1829 267 1890 gures
282 1815 396 1872 tertium
419 1813 562 1892 quendem
584 1813 707 1873 subiecit
731 1813 825 1874 locum
848 1815 883 1875 ed
901 1815 984 1890 alies,
1007 1823 1037 1873 ut
1053 1817 1121 1893 ipse
1136 1816 1179 1889 eit,

139 1897 262 1974 ¹qqqnesi
279 1899 399 1956 virtutes
418 1896 531 1958 dicendi
549 1899 756 1974 pertinentem:
784 1895 825 1956 Et
838 1900 977 1975 retiquu,
995 1916 1036 1957 ea
1052 1901 1180 1960 cottoco-

181 1982 260 2041 douc
273 1982 435 2041 certorum
448 1995 533 2058 quae
547 1989 707 2040 sumuntur
722 1983 813 2056 quusi
827 1983 952 2057 lumina,
970 1999 1119 2059 maquum
1137 1981 1180 2058 os-

177 2061 283 2140 ferunt
299 2073 443 2124 ornatum
466 2065 609 2126 orationi.
646 2062 726 2124 Sunt
740 2065 819 2124 enim
835 2065 947 2125 similia
961 2065 1037 2138 iliis,
1056 2065 1179 2141 quaein
1205 2063 1207 2080 ¹

181 2147 281 2224 amplo
302 2156 413 2208 ornatu
432 2165 546 2208 scenae
566 2154 620 2206 out
638 2147 700 2224 fori
727 2148 925 2224 oppettontur
944 2149 1098 2224 insipnio,
1126 2165 1180 2208 nor
1206 2225 1207 2230 ἵ

140 2231 254 2306 asquia
268 2232 335 2292 sola
349 2237 457 2291 ornent
470 2232 528 2292 sed
543 2231 624 2308 quod
638 2230 799 2293 eucettont.
840 2227 959 2292 Eodem
973 2231 1056 2291 ratio
1071 2237 1120 2292 est
1132 2230 1180 2290 tu

180 2331 259 2390 rum,
276 2331 357 2390 quoe
370 2320 440 2374 sunt
453 2316 601 2376 orationis
617 2314 732 2374 tuudnu
749 2322 777 2374 et
792 2314 925 2390 quodam
938 2314 1028 2374 nodo
1037 2315 1179 2392 insiqnin,

181 2397 254 2456 curri
266 2406 320 2457 out
333 2397 532 2474 duplicantur
546 2399 758 2474 iteranturque
772 2398 868 2457 verbu
882 2405 937 2458 out
953 2397 1087 2458 breuiter
1103 2414 1180 2458 ccm-

119 2494 121 2503 ¹
166 2485 298 2548 ,mutum
319 2486 491 2556 ponuntur,
520 2488 574 2540 out
602 2481 642 2540 ub
668 2482 771 2542 eodem
795 2479 890 2542 cerdo
913 2481 1038 2541 ducitur
1059 2482 1181 2557 saepius

181 2563 280 2622 oratio
302 2569 356 2622 out
371 2564 404 2622 in
418 2563 499 2622 idem
521 2564 684 2624 coniicitur
703 2571 757 2624 uut
771 2572 949 2641 utrumque,
967 2571 1022 2623 aut
1038 2562 1179 2640 odiunqi-

181 2653 232 2704 tur
251 2645 333 2706 idem
354 2647 497 2706 iteratum
522 2654 577 2708 aut
596 2649 677 2707 idem
697 2648 741 2708 ad
764 2655 932 2706 entremum
953 2646 1110 2723 refertur,
1133 2651 1180 2704 aut

184 2730 370 2790 continenter
383 2748 476 2790 unum
491 2730 617 2790 uerbum
638 2749 697 2790 uon
711 2731 744 2790 in
761 2730 868 2791 eadem
883 2731 1032 2790 sententia
1047 2731 1178 2808 ponitur,

139 2820 235 2876 secut
250 2831 318 2872 cum
334 2813 474 2874 similiter
489 2813 539 2875 oet
553 2814 669 2874 cadunt
679 2813 780 2874 ceron
794 2813 844 2872 oet
862 2814 1024 2882 desinunt,·
1039 2821 1096 2872 aut
1107 2810 1178 2871 mut·
1206 2815 1207 2878 j

182 2897 220 2954 tis
236 2896 333 2956 modis
354 2899 518 2957 cuttruriis
541 2898 644 2958 rotato
665 2897 841 2970 contrusio,
863 2905 918 2956 out
941 2913 1010 2956 cum
1025 2895 1178 2974 qrudottm

181 2995 304 3038 sursum
318 2997 427 3040 uersus
441 2982 580 3056 reditur,
594 2987 651 3040 out
667 2980 792 3040 demotis
808 2978 1073 3040 coniunctionibus
1087 2978 1178 3038 disse

181 3061 242 3122 tute
254 3063 349 3140 ptura
369 3063 529 3138 dicuntur,
549 3072 602 3123 aut
626 3082 697 3138 cum
714 3063 834 3140 aliquid
852 3069 1106 3140 proetereuntes,
1129 3073 1179 3120 cur

181 3146 216 3205 id
228 3146 394 3223 sumamus,
410 3148 604 3221 ostendimus,
622 3155 676 3206 out
688 3165 755 3206 curn
767 3147 948 3222 corripimus
962 3154 1079 3206 nosmet
1090 3147 1179 3222 ipsos,

183 3231 274 3307 quusi
292 3229 564 3307 reprehendentes,
592 3238 646 3289 out
673 3229 702 3289 si
728 3236 772 3288 est
795 3229 901 3306 utiquo
929 3230 1117 3289 exclamatio
1138 3223 1180 3286 oei

183 3313 397 3373 admirationis
413 3315 462 3373 eet
480 3314 716 3390 conquestionis,
739 3320 793 3372 aut
813 3331 881 3373 cum
903 3312 1038 3372 eiusdem
1054 3309 1181 3374 mnu

140 3399 275 3455 iocosus
308 3397 433 3473 saepius
468 3401 698 3458 commutantur.
749 3393 975 3456 Sententiarum
1003 3399 1180 3456 ornanum

182 3478 305 3539 maiora
334 3488 424 3557 sunt,·¹
453 3480 562 3558 quidus
593 3481 666 3556 quia
694 3478 938 3556 frequentissime
965 3475 1181 3538 Demosthenes
