2444 3972
330 198 740 267 rnsn.onaron.n1s.1,o.
840 215 841 224 ι
999 192 1038 252 33

64 355 114 418 boe
130 358 212 419 domu
233 355 382 416 dicendum
404 357 498 416 sitan
523 356 583 418 buo
605 359 693 419 domo
714 366 743 416 et
765 358 907 419 domuum
929 376 964 417 an
985 360 1039 422 do-

65 459 177 502 morum:
199 441 300 500 similia
325 441 381 497 sint
402 441 523 516 dumus,
547 459 643 517 auus,
671 460 789 502 munus.
830 441 1064 508 Deminutiou

64 541 139 598 genus
159 524 240 584 modo
264 524 391 600 detegit,
415 533 462 600 et,
489 540 526 582 ue
547 523 582 584 ab
607 523 712 584 eodem
734 525 869 603 exemplo
892 526 1038 603 recedam,

62 607 148 685 funem
160 608 342 668 masculinum
358 625 424 666 esse
433 608 594 687 fiauioulus
608 609 743 668 ostendit.
774 608 883 670 Eadem
899 613 927 670 in
942 611 1064 676 verbist

64 708 162 769 qnoque
188 694 260 752 ratio
282 691 528 770 comparationis,
558 702 605 768 ut,
631 694 655 752 si
680 695 743 771 quis
766 696 898 772 antiquos
921 703 1039 754 secutus

61 775 164 852 [eruere
184 775 264 836 brevi
292 775 385 836 media
411 776 523 851 syllaba
551 776 642 850 dieat,
675 777 909 855 deprehendatur
934 780 1039 838 vitiose

63 858 142 938 loqui,
165 861 239 938 qnod
258 861 369 935 omnia,
394 877 467 938 qnae
490 881 506 922 e
528 868 596 921 eto
619 860 723 920 litteris
746 860 854 921 latendi
875 862 960 921 modo
982 871 1039 921 ter-

62 944 196 1019 minantur,
223 944 340 1018 eadem,
370 945 395 1004 si
417 944 531 1004 infinitis
554 963 572 1004 e
596 945 719 1005 litteram
740 945 833 1005 media
858 945 971 1021 syllaba
992 964 1038 1005 ae·

62 1037 192 1104 ceperunt,
208 1028 307 1106 ntique
320 1028 489 1106 productam
501 1027 622 1089 habent:
634 1032 789 1108 prandeo,
802 1032 934 1108 pendeo,
949 1049 1039 1109 spon·

62 1110 121 1188 deo,
148 1114 319 1191 prandere,
347 1114 501 1189 pendere,
532 1115 695 1191 spondere.
740 1112 777 1172 Αι
804 1131 879 1190 quae
904 1133 923 1175 o
947 1115 1063 1177 solam8

61 1190 163 1271 labent,
190 1195 342 1255 dummodo
369 1213 423 1275 per
445 1194 565 1256 eandem
588 1197 712 1258 litteram
739 1198 767 1255 iu
789 1197 898 1257 inlinito
922 1207 1038 1273 exeant,

61 1275 143 1338 brevia
159 1281 239 1339 irunt:
263 1281 345 1358 layo,
369 1281 455 1353 dieo,
476 1299 586 1358 curro,
605 1282 724 1359 tepere,
748 1283 870 1358 dicere,
892 1301 1040 1350 enarrare,-

62 1362 152 1422 etiamsi
179 1373 223 1422 est
252 1363 328 1442 apud
350 1362 489 1423 Lucillum
510 1363 614 1426 Feroit
640 1381 723 1443 aquo
751 1373 780 1426 et
805 1366 919 1443 servet,
947 1367 1040 1444 feroit

60 1463 126 1507 uuae
143 1449 238 1526 feruet
257 1449 302 1509 ad
321 1467 444 1512 aunum.
481 1447 555 1524 Sed,
578 1466 652 1527 pace
679 1449 777 1510 disere
798 1449 919 1510 hominis
943 1451 1063 1511 erudi-9

39 1573 44 1586 .
61 1530 143 1591 tissimi
160 1531 255 1608 liceat,
275 1533 300 1591 si
314 1531 408 1610 feroit
426 1540 506 1611 putat
523 1532 565 1593 illi
581 1533 674 1593 simile
691 1535 790 1595 currit
806 1543 835 1594 et
849 1535 938 1612 lepit:
951 1536 1039 1613 feren

61 1609 122 1673 lieet
138 1625 166 1676 ut
186 1619 253 1695 lopo
270 1624 299 1674 et
318 1634 421 1692 curro,
443 1617 520 1694 quod
536 1616 620 1676 nobis
639 1618 793 1678 inauditum
815 1627 869 1676 est.
904 1618 963 1679 Sed
982 1634 1040 1676 non

63 1705 97 1754 est
113 1697 179 1760 haee
200 1719 271 1760 vera
292 1701 483 1778 comparatio;
507 1719 571 1760 nam
584 1701 679 1779 feroit
694 1711 739 1762 est
760 1701 802 1762 illi
819 1701 912 1762 simile
933 1705 1038 1776 serait,

64 1797 127 1856 pan
143 1787 362 1864 proportionem
384 1787 517 1862 sequenti
539 1785 638 1845 disere
659 1803 783 1845 neeesse
807 1794 852 1845 est
871 1788 988 1865 seruire
1009 1795 1040 1844 ut

62 1869 165 1932 suuira
196 1868 292 1929 Prima
312 1885 427 1947 quoqne
450 1869 604 1946 aliquando
627 1871 733 1946 positio
755 1887 793 1928 ex
815 1868 940 1947 obliquis
960 1871 1082 1930 inve-lo

60 1948 133 2025 nitur,
150 1961 179 2013 ut
199 1954 339 2012 memoria
356 1960 461 2030 repeto
484 1953 635 2012 convictos
656 1971 672 2013 a
690 1970 752 2029 me,
774 1954 825 2031 qui
844 1952 1039 2031 reprehende-

58 2041 121 2108 rant,
141 2038 215 2114 quod
237 2037 297 2096 lroe
316 2036 407 2097 verbo
426 2055 495 2095 usus
512 2054 624 2112 essem,
644 2039 770 2116 [κριθὴ
790 2055 855 2097 nam
876 2038 904 2097 id
925 2037 1040 2116 quidem

57 2114 147 2178 dixisse
165 2137 293 2181 summos
313 2129 448 2180 auctores
471 2121 695 2196 confitebantur,
718 2124 858 2194 rationem
875 2131 970 2181 tamen
990 2139 1039 2180 ne-

57 2200 145 2274 gabant
159 2206 340 2284 permittere,
359 2207 424 2282 quia
440 2205 529 2282 prima
545 2206 651 2283 positio
666 2207 822 2284 paciscor,
840 2222 904 2263 oum
918 2204 1040 2264 haberet

58 2293 166 2348 naturam
191 2288 338 2368 patiendi,
366 2290 478 2348 laceret
499 2297 631 2366 tempore
654 2290 812 2367 praeterito
832 2295 943 2363 paetus
963 2305 1039 2351 sum.

57 2364 104 2428 llos
121 2383 236 2450 praeter
258 2375 458 2432 auctoritatem
476 2381 621 2433 oratorum
641 2381 727 2451 atque
748 2371 951 2432 historicorum
974 2380 1081 2432 ana-ll

58 2449 120 2530 logia
139 2475 256 2536 qnoque
279 2457 383 2516 dietum
405 2457 462 2516 hoo
477 2456 635 2517 tuebamur.
673 2455 744 2517 Nam
760 2475 823 2516 oum
844 2459 873 2516 in
889 2455 944 2516 Xll
960 2455 1040 2516 tabu·

58 2531 83 2594 lis
97 2537 259 2616 legeremus
276 2543 310 2601 ui
329 2543 374 2602 ita
390 2551 527 2620 papante
547 2540 762 2600 inveniebamus
784 2541 878 2600 simile
899 2539 967 2600 bule
988 2559 1040 2601 ou·

58 2621 127 2700 duat,
143 2625 208 2685 inde
223 2627 316 2704 prima
332 2627 450 2704 positio,
468 2626 578 2685 etiamsi
593 2633 738 2684 vetustate
754 2624 936 2699 exoleverat,
952 2641 1040 2702 appa·

57 2703 123 2768 rebat
139 2727 222 2788 papo
243 2712 391 2785 utendo,
412 2708 486 2769 unde
506 2724 563 2767 non
585 2717 648 2769 erat
667 2708 781 2768 dubium
802 2710 845 2768 sie
865 2710 969 2788 pepiqi
987 2724 1040 2766 nos

57 2785 138 2850 dicere
152 2802 182 2851 ιιι
197 2793 310 2854 cecidi.
344 2793 402 2853 Sed
417 2793 627 2852 meminerimus
642 2810 701 2852 non
715 2811 769 2871 per
785 2794 878 2852 omnia
894 2791 960 2850 duei
975 2792 1084 2850 ana-12

57 2869 138 2950 logias
161 2894 253 2955 posse
275 2877 430 2951 rationem,
461 2894 523 2936 oum
545 2884 574 2934 et
596 2875 650 2936 sibi
676 2878 739 2954 ipsa
765 2876 894 2954 plurimis
916 2875 944 2934 in
966 2876 1040 2935 loeis

55 2970 191 3036 repugnet.
228 2960 376 3035 Quaedam
396 2963 459 3020 sine
481 2959 567 3020 dublo
584 2969 723 3019 conantur
745 2959 848 3019 eruditi
870 2957 1039 3032 defendere,

56 3047 94 3114 nl,
113 3061 175 3104 oum
195 3043 409 3122 deprehensum
425 3053 485 3119 est,
509 3045 596 3121 lepus
615 3053 643 3104 et
660 3046 750 3123 lupus
771 3044 874 3103 similia
895 3044 1041 3122 positione

56 3137 76 3198 qt
112 3135 175 3187 tum
187 3128 303 3190 casibus
317 3131 502 3205 numerisque
521 3128 705 3189 dissentiant:
724 3130 762 3188 ita
777 3127 966 3206 respondent,
984 3143 1041 3185 non

56 3222 76 3264 tt
131 3215 228 3290 paria2
260 3214 326 3291 quia
350 3215 438 3292 lepus
459 3213 624 3291 epicoenon
645 3214 696 3287 sit,
726 3214 818 3291 lupus
838 3210 1039 3275 masculinnm:

55 3303 76 3366 ιι
120 3311 201 3372 quam
213 3295 308 3355 Varro
325 3299 353 3357 in
369 3313 405 3357 eo
421 3296 513 3371 libro,
537 3313 594 3375 quo
614 3297 692 3356 initia
702 3295 848 3355 Romanae
863 3294 943 3354 urbis
959 3310 1041 3353 enar-

54 3389 76 3431 ιι
123 3380 227 3459 lupum
244 3381 389 3459 seminum
410 3381 478 3440 dicit
499 3378 620 3438 Ennium
638 3378 840 3457 Pictoremque
855 3377 974 3439 Fabium
995 3395 1041 3435 se·

56 3472 76 3513 ιι
116 3479 124 3488 ·
166 3461 212 3523 llli
227 3473 319 3524 autem
342 3465 443 3542 iidem,
467 3482 530 3523 oum
551 3465 856 3541 interrogantur,·eur
876 3478 955 3540 uper
971 3461 1042 3540 apri
1052 3466 1087 3518 lo

143 3566 274 3615 posnan,
857 3545 876 3605 3
