2470 3962
322 243 411 291 lusu.
436 243 584 292 onaron.
608 247 677 292 usn
698 242 800 310 x1,3.
999 231 1063 296 233

50 399 154 460 dentia
175 397 282 458 vultum
304 407 366 472 aut,
389 415 446 476 quo
465 399 500 458 sit
521 399 612 475 magis
634 407 733 459 torvus
741 399 937 477 ,superciliis
959 402 1062 460 astrin·
1105 424 1106 431 ¹

49 501 145 560 gere,
175 481 299 560 capillos
324 500 340 541 a
363 481 459 542 fronte
482 490 581 542 contra
608 491 735 542 naturam
758 491 940 560 retroagere,
968 493 997 543 ut
1024 485 1062 544 sit

49 567 162 626 horror
183 566 233 626 ille
256 557 411 634 terribilis;
440 574 515 642 tum,
542 565 570 625 id
594 566 671 645 quod
694 565 799 626 Graeci
824 565 1059 645 frequentissime

49 649 183 726 iaciunt,
212 647 317 708 crebro
346 648 499 725 digitorum
526 647 726 729 labiorumque
754 658 832 710 motu
861 652 1057 728 commentari,

50 733 135 793 clare
153 747 308 808 excreare,
323 733 428 810 pedem
443 733 564 793 alterum
578 732 666 810 longe
683 734 828 810 prolerre,
844 743 956 812 partem
969 743 1058 812 togae

51 817 171 876 sinistra
186 823 307 890 tenere,
332 823 409 876 stare
431 815 574 876 diductum
593 817 642 876 vel
657 817 779 894 rigidum
796 817 845 876 vel
861 818 991 895 supinum
1010 816 1059 878 vel

47 901 202 960 incurvum
226 898 275 959 vel
301 898 443 976 humeris,
472 908 502 959 ut
527 899 661 961 luctaturi
686 899 801 976 solent,
829 900 864 960 ad
893 901 1058 980 occipitium

53 980 181 1044 ductis'

140 1067 294 1127 Prooemio
307 1065 540 1146 frequentissime
553 1067 628 1128 lenis
638 1069 773 1128 convenit
785 1069 987 1147 pronuntiatio.
1009 1067 1115 1128 lli-161

49 1151 94 1211 bil
111 1151 186 1210 enim
206 1159 252 1210 est
269 1149 305 1210 ad
327 1150 535 1211 conciliandum
552 1153 660 1228 gratius
677 1150 869 1228 verecundia,
891 1161 1059 1212 nontamen

52 1251 184 1314 semper.
218 1231 321 1312 Neque
338 1235 413 1293 enim
430 1252 484 1294 uno
500 1237 586 1295 modo
604 1235 735 1294 dicuntur
752 1235 887 1310 exordia,
917 1245 947 1295 ut
963 1236 1057 1296 docui.

52 1317 229 1396 Plerumque
251 1326 344 1376 tamen
369 1328 397 1377 et
418 1334 477 1378 vox
502 1327 661 1397 temperata
686 1327 715 1378 et
736 1328 836 1396 gestus
858 1319 1004 1379 modestus
1030 1328 1059 1378 et

51 1402 163 1461 sedens
183 1401 302 1460 bumero
327 1411 395 1478 toga
418 1410 447 1460 et
473 1402 592 1462 laterum
619 1401 692 1462 lenis
717 1403 746 1461 in
770 1411 920 1480 utramque
946 1412 1057 1480 partem

51 1495 166 1556 motus,
190 1484 292 1544 eodem
308 1485 505 1563 spectantibus
523 1486 631 1562 oculis,
656 1485 783 1546 decebit.
816 1485 948 1546 Narratio
966 1487 1119 1564 magistus

50 1569 198 1648 prolatam
218 1585 346 1644 manum,
373 1571 504 1629 amictum
530 1569 723 1645 recidentem,
750 1578 864 1647 gestum
885 1569 1057 1647 distinctum,

48 1668 159 1712 vocem
175 1652 300 1711 sermoni
315 1654 472 1730 proximam
489 1661 518 1712 et
534 1662 641 1713 tantum
656 1655 813 1730 acriorem,
834 1671 934 1714 sonum
949 1653 1057 1733 simpli·

52 1755 119 1796 cern
136 1734 370 1813 frequentissime
384 1736 541 1814 postulabit
555 1738 583 1796 in
598 1737 642 1796 his
657 1736 805 1797 duntaxat:
823 1735 858 1809 Q.
874 1740 952 1798 euim
967 1735 1058 1816 idqu-

53 1822 131 1894 rius,
149 1838 218 1880 cum
232 1827 312 1880 esset
324 1821 356 1880 iu
371 1817 481 1898 Africa
497 1821 583 1881 nulla
598 1821 669 1882 belli
682 1821 834 1898 suspicio,
852 1829 881 1878 et
895 1817 931 1882 A.
950 1818 1056 1880 Otueu-

53 1906 115 1965 tius
126 1899 257 1964 Habitus
267 1911 361 1982 pater
375 1904 510 1968 buiasce.
535 1903 620 1963 Aliud
633 1904 660 1962 in
674 1902 775 1963 eadem
788 1910 912 1980 poscent
923 1903 1055 1977 affectus,

51 1986 104 2047 vel
119 1986 254 2045 concitati
273 1983 365 2048 Nubit
381 2006 495 2066 qeuero
513 2007 639 2063 cocras,
660 1987 709 2046 vel
725 1985 841 2046 debiles
862 1984 1059 2048 Constituitur

50 2073 86 2132 tu
108 2069 178 2148 foro
194 2066 368 2132 Laodiceae
388 2073 597 2149 spectaculum
620 2072 768 2132 acerbum
789 2078 818 2132 et
839 2071 982 2132 miserum
1007 2070 1060 2132 toti

50 2151 150 2216 Asiae
162 2155 351 2230 prouinciae.
385 2151 509 2214 Maxime
529 2157 607 2215 varia
630 2163 659 2215 et
674 2153 824 2233 multiplex
839 2155 914 2214 actio
931 2163 977 2214 est
991 2161 1119 2232 pro-163

51 2237 212 2298 bationum.
243 2235 314 2298 Nam
336 2245 365 2296 et
383 2254 567 2316 proponere,
591 2239 706 2317 partiri,
729 2239 910 2316 interrogare
931 2237 1056 2297 sermoni

52 2329 121 2382 sunt
142 2319 290 2398 proxima,
314 2329 343 2380 et
366 2321 621 2381 contradictionem
639 2340 763 2382 sumere.
795 2320 867 2382 Nam
887 2339 921 2381 ea
940 2337 1056 2399 qnoque

53 2405 172 2466 diversa
190 2404 352 2482 propositio
366 2413 420 2465 est.
454 2406 513 2466 Sed
531 2405 604 2466 banc
616 2415 717 2472 ,tamen
732 2405 885 2484 aliquando
903 2405 1058 2465 irridentes

52 2487 209 2565 aliquando
233 2489 374 2548 imitantes
390 2491 612 2566 pronuntiamus.
643 2489 863 2566 Argumentatio
886 2487 1118 2567 plerumqueldt

52 2570 163 2650 agilior·
183 2579 213 2630 et
227 2573 323 2631 acrior
339 2579 368 2632 et
382 2574 532 2632 instantior
547 2574 776 2633 consentientem
793 2573 914 2633 orationi
930 2570 1057 2648 postulat

4 2675 6 2678 ·
53 2657 143 2716 etiam
152 2663 275 2732 gestum,
288 2656 374 2716 idest
387 2654 492 2716 iortem
504 2657 694 2717 celeritatem.
715 2655 877 2716 lnstandum
889 2653 1064 2736 quibusdam

53 2741 85 2798 in
102 2737 232 2816 partibus
250 2748 280 2798 et
295 2738 441 2800 densanda
459 2742 561 2800 oratio.
588 2739 785 2817 Egressiones
799 2739 863 2798 lere
882 2747 911 2798 et
928 2737 1011 2796 lenes
1028 2744 1056 2796 et

53 2821 159 2883 dulces
180 2830 209 2880 et
223 2823 380 2900 remissae,
406 2832 504 2902 raptus
520 2823 730 2922 Proserpinae,
753 2821 869 2882 Siciliae
885 2820 1055 2899 descriptio,

53 2903 110 2966 Cn.
128 2903 258 2984 Pompeii
272 2905 344 2966 laus.
381 2904 485 2985 tteque
507 2908 581 2967 enim
604 2907 720 2981 mirum,
749 2907 840 2964 minus
860 2903 970 2964 babere
988 2921 1055 2964 oon·

53 2989 194 3050 tentionis
211 3007 262 3065 ea,
286 3007 360 3067 quae
377 2998 441 3049 sunt
456 2999 537 3050 extra
557 2991 765 3069 quaestionem.
797 2987 915 3048 blollior
928 2996 1117 3050 noanon-16¹0

54 3089 144 3152 quam
159 3090 223 3131 cum
244 3073 475 3150 reprehensione
497 3073 630 3133 diversae
647 3074 737 3152 partis
754 3072 888 3133 imitatio:
918 3069 1056 3132 Videbar

51 3157 163 3216 cidere
180 3156 258 3217 alios
278 3157 430 3220 latr-autes
453 3157 531 3218 alios
550 3164 651 3218 aretem
672 3164 831 3231 cucuma,
854 3157 1002 3254 quqsdam
1017 3171 1057 3214 eu
1160 3179 1162 3186 ⁴

51 3239 128 3300 aino
148 3239 337 3301 vacillantes.
368 3237 424 3301 Ubi
444 3257 501 3300 non
522 3240 665 3300 dissidens
688 3257 703 3299 a
720 3255 795 3300 voce
816 3239 989 3317 permittitur
1003 3255 1055 3313 ge·

54 3333 118 3383 stus
135 3338 268 3400 quoqne,
289 3323 318 3382 in
341 3332 489 3402 utramque
506 3333 617 3403 partem
632 3331 733 3383 tenera
750 3321 890 3400 quaedam
910 3320 963 3382 sed
983 3321 1055 3379 intra

53 3423 156 3466 manus
181 3415 276 3465 tamen
303 3414 331 3465 et
351 3407 414 3466 sine
433 3415 511 3467 motu
532 3407 653 3466 laterum
675 3405 834 3466 translatio.
865 3401 1114 3463 Accendendtroo

4 3493 5 3498 ’
53 3488 160 3550 iudicis
177 3487 278 3568 plnres
295 3498 359 3548 sunt
374 3491 490 3568 gradus.
522 3493 651 3551 Summus
668 3490 718 3550 ille
737 3497 766 3548 et
781 3503 839 3567 quo
856 3487 951 3546 nullus
968 3494 1012 3546 est
1026 3485 1055 3544 in
