2494 3952
182 154 241 217 184
491 169 527 216 ιι.
546 168 625 216 ιιι.
645 168 867 228 ιιιιιιιιιιιι

177 325 273 387 ιιιιι
290 323 492 401 perveniamus
508 323 544 382 ad
564 322 663 398 duem,
685 340 743 383 non
758 323 850 382 minus
865 333 1025 402 prospectu
1041 325 1178 402 proceda·

177 426 239 470 mus
255 424 340 486 quam
354 407 463 484 gradu,
483 408 508 466 si
525 424 582 467 non
597 408 811 466 intersistentes
825 407 1064 485 offensantesque
1083 407 1179 472 brevit
1212 439 1213 448 ι

165 493 227 553 illa
243 499 329 570 atque
348 491 466 550 concisa
481 490 697 568 singultantium
711 491 798 550 mode
814 492 934 550 eiecturi
950 510 1060 552 sumus.

135 588 169 640 ιι
260 573 335 634 Ειι
327 576 414 653 igitur
428 593 498 634 usus
516 573 630 652 quidam
644 573 835 651 irrationalis,
852 591 938 652 quem
957 575 1065 636 Granni
1080 569 1182 654 r'itoyov

177 651 282 739 τριβὴν
298 667 420 734 ιιιιιι,
443 675 498 737 qua
522 675 620 719 manus
640 660 669 718 in
689 657 844 724 scribendo
866 658 1010 736 decurrit,
1033 677 1090 738 qna
1112 659 1183 718 oculi

177 753 256 804 totos
272 742 383 802 simul'
375 761 403 802 ιι
426 742 554 802 Ιιιιιιιι
575 761 678 802 versus
700 741 854 821 flexusque
874 760 975 802 eorum
1000 751 1030 802 et
1052 745 1183 802 transitus

177 831 336 903 intuentur,
366 835 395 888 et
423 834 488 886 ante
511 827 663 905 sequentia
681 825 781 886 vident
809 844 893 905 quam
916 828 1017 906 priora
1044 827 1181 886 dixerunt.

177 912 242 987 Quo
260 919 393 971 constant
408 911 544 970 miracula
566 909 615 972 illa
642 912 670 970 iu
685 911 781 970 scenis
799 909 967 989 pilariorum
983 929 1021 972 ac
1034 911 1183 970 ventilato·

177 1015 254 1070 rum,
276 1004 306 1054 ιι
327 1013 361 1055 ιι
383 1013 457 1074 quae
480 995 628 1055 emiserint
649 993 726 1055 ultro
748 995 848 1055 venire
870 997 899 1054 in
918 1011 1022 1056 manus
1039 994 1145 1055 credas
1160 1003 1184 1053 et

134 1093 233 1160 lnqna
252 1079 384 1139 iubentur
400 1079 568 1140 decurrere.
599 1079 658 1139 Sed
673 1079 721 1140 bic
743 1097 811 1138 usus
827 1080 865 1138 ita
880 1079 1032 1158 proderit,
1055 1081 1082 1139 si
1104 1097 1138 1139 ea
1152 1077 1184 1138 ιι

177 1182 232 1243 qua
254 1163 344 1224 locuti
360 1181 456 1222 sumus
475 1180 521 1222 ars
539 1164 743 1239 antecesserit,
758 1172 788 1222 ut
804 1163 896 1241 ipsum
915 1161 998 1239 illud,
1017 1163 1099 1242 quod
1114 1165 1141 1221 in
1155 1179 1183 1220 ιι

177 1251 317 1308 rationem
337 1264 393 1306 non
409 1245 506 1322 babet,
522 1248 674 1307 iuratione
689 1255 832 1307 versetur.
859 1245 931 1306 Nam
946 1247 1018 1310 mibi
1036 1265 1074 1306 ne
1092 1248 1183 1306 dicere

177 1332 291 1411 quidem
312 1332 426 1392 videtur
448 1333 502 1390 uisi
516 1333 565 1410 qui
580 1331 738 1411 disposite,
756 1339 874 1407 ornate,
892 1333 1018 1410 copiose
1035 1331 1120 1406 dicit,
1137 1329 1181 1389 sed

136 1415 346 1480 letumultuari.
375 1413 437 1477 Nec
449 1415 559 1475 fortuiti
575 1417 716 1475 sermonis
732 1423 898 1478 contextum
910 1416 1042 1476 mirabor
1054 1431 1181 1493 unquam,

177 1518 261 1578 quem
278 1497 456 1575 iurgantibus
481 1500 564 1558 etiam
585 1498 763 1560 mulierculis
787 1499 970 1574 superfluere
996 1500 1104 1567 video;
1127 1514 1180 1558 cum

176 1601 212 1643 eo
229 1583 317 1661 quod,
335 1583 360 1640 si
376 1583 457 1642 calor
473 1600 507 1641 ac
523 1584 641 1661 spiritus
657 1583 735 1659 tulit,
752 1583 923 1662 frequenter
938 1584 1059 1660 accidit,
1078 1591 1110 1643 nt
1124 1597 1180 1641 snc-

134 1680 167 1735 ιι
175 1685 289 1729 cessum
308 1665 536 1745 extemporalem
552 1670 693 1746 consequi
711 1685 779 1727 cura
794 1684 851 1726 non
867 1669 970 1746 possit.
1008 1665 1106 1728 Deum
1122 1675 1181 1725 tunc

175 1751 305 1826 affuisse,
319 1769 382 1810 cum
399 1751 427 1811 id
443 1751 608 1828 evenisset,
626 1761 745 1812 veteres
762 1761 911 1828 oratores,
926 1761 957 1834 ut
977 1750 1087 1812 Cicero
1108 1750 1178 1824 dicit,

175 1836 299 1897 aiebant.
339 1834 398 1895 Sed
413 1836 487 1896 ratio
506 1837 657 1896 manifesta
674 1845 728 1896 est.
764 1835 835 1896 Nam
857 1836 933 1896 bene
960 1837 1103 1914 concepti
1118 1834 1179 1893 alle·

177 1930 240 1981 ctus
266 1929 294 1979 et
315 1929 451 1980 recentes
474 1939 570 1980 rerum
592 1921 731 2000 imagines
756 1921 891 1980 continuo
915 1921 1027 1998 impetu
1044 1913 1177 1990 feruntur,

177 2023 251 2086 quae
266 2012 467 2081 nonuunquam
485 2020 565 2065 mora
582 2005 640 2064 stili
663 2005 858 2081 refrigescunt
882 2013 911 2064 et
933 2005 1043 2065 dilatae
1065 2022 1122 2063 non
1137 2019 1177 2060 re-

173 2096 333 2148 vertuntur.
370 2087 476 2167 Utique
494 2106 578 2164 vero,
597 2107 661 2148 cum
682 2089 782 2148 inlelix
798 2089 848 2148 illa
863 2088 1021 2148 verborum
1037 2087 1178 2149 cavillatio

175 2174 302 2232 accessit
329 2181 358 2232 et
381 2192 482 2233 cursus
510 2172 545 2232 ad
573 2172 686 2252 singula
709 2172 833 2250 vestigia
849 2173 973 2248 restitit,
1001 2191 1063 2234 non
1088 2176 1178 2251 potest

173 2245 244 2316 ierri
263 2265 396 2317 contorta
420 2259 481 2333 vis,
499 2258 567 2333 sed,
593 2267 623 2316 ut
646 2258 760 2356 optime·
773 2271 878 2317 vocum
899 2257 1081 2334 singularum
1101 2253 1177 2315 cedat

174 2340 301 2417 electio,
322 2358 378 2400 aon
395 2343 529 2402 continua
554 2342 607 2402 ιιι
630 2342 790 2420 composita
808 2351 863 2402 est.

130 2431 165 2486 15
257 2423 355 2498 Quare
382 2425 540 2502 capiendae
564 2435 629 2484 sunt
650 2425 735 2502 illae,
764 2424 801 2486 de
830 2424 933 2504 quibus
956 2425 1032 2501 dixi,
1061 2402 1175 2484 rerum

173 2507 281 2586 imagi
290 2526 307 2565 ι
316 2525 353 2566 ιι
362 2525 457 2585 ,quas
468 2525 568 2569 vocari
562 2510 745 2586 φαντασίας
756 2509 953 2586 iudicavimus,
966 2511 1175 2588 omniaque,
1143 2503 1175 2564 d

173 2590 276 2671 quibus
299 2593 402 2652 dicturi
420 2595 542 2668 erimus,
564 2611 725 2672 personae,
747 2595 951 2672 quaestiones,
975 2611 1063 2671 spes,
1089 2598 1174 2651 metus

171 2673 353 2736 habendam
368 2676 522 2752 oculis,m
544 2678 666 2738 allectus
691 2677 867 2756 recipienda
902 2678 1007 2739 Pectus
1030 2686 1077 2738 est
1094 2674 1176 2744 enim,

172 2762 250 2838 quod
266 2760 391 2822 disertos
409 2761 488 2837 lacit,
506 2770 535 2821 et
548 2765 592 2821 vis
609 2764 721 2822 mentis.
751 2762 902 2842 Ideoque
890 2762 1034 2841 imperitis
1051 2773 1173 2840 quoque,

127 2851 164 2907 lo
172 2861 197 2901 ιι
214 2844 300 2904 modo
318 2847 373 2904 sint
389 2846 485 2924 aliquo
502 2846 608 2908 affectu
625 2848 771 2922 concitati,
787 2844 876 2906 verba
891 2863 949 2906 non
964 2845 1078 2906 desunt.
1109 2841 1173 2902 Tum

171 2926 361 2989 intendendus
381 2930 506 3006 animus,
526 2948 584 2991 non
607 2931 634 2989 in
655 2930 779 3009 aliquam
794 2949 855 2990 rem
871 2947 954 2991 unam
968 2929 1044 2990 ιιι
1036 2948 1064 2988 ιι
1079 2927 1171 3006 plures

171 3010 255 3070 simul
276 3012 439 3080 continuas;
462 3021 508 3088 ιι,
537 3016 561 3074 ιι
588 3032 641 3092 per
664 3015 787 3092 aliquam
807 3023 917 3075 rectam
939 3014 1013 3074 viam
1036 3014 1172 3072 mittamus

173 3095 293 3171 oculos,
309 3096 393 3156 simul
411 3096 504 3156 omnia
520 3115 594 3176 quae
610 3100 718 3158 suntin
735 3117 770 3158 ea
787 3100 924 3177 circaque
941 3099 1097 3171 intuemur,
1118 3106 1169 3151 non

171 3178 298 3239 ultimum
313 3189 421 3240 tanturn
436 3180 565 3240 videmus
581 3181 634 3242 sed
646 3200 738 3260 usque
749 3182 783 3242 ad
797 3181 934 3243 ultimum.
965 3180 1010 3241 Ad
1026 3177 1169 3241 dicendum
1213 3183 1214 3186 ’

171 3263 257 3323 etiam
273 3264 367 3343 pudor
388 3264 520 3324 stimulos
541 3265 630 3326 babet
659 3276 688 3326 et
708 3266 897 3327 dicendorum
919 3273 1073 3344 expectata
1096 3261 1165 3324 lauet

170 3347 329 3427 mirumque
345 3349 437 3409 videri
453 3357 562 3428 potest,
576 3349 663 3428 quod,
681 3369 744 3410 cnm
760 3350 842 3412 stilus
858 3359 977 3411 secreto
994 3347 1115 3427 gaudeat
1129 3347 1166 3402 at·

172 3447 230 3508 que
247 3448 346 3492 omnes
365 3432 489 3494 arbitros
504 3434 685 3511 reformidet,
699 3433 908 3514 extemporalis
924 3435 999 3496 actio
1015 3431 1165 3494 auditorum

136 3660 207 3672 A-n„
