2494 3952
352 229 769 296 nnsr.oanuoo.n1e.rr‚o.
1009 219 1066 280 179

15 439 18 442 .
60 403 170 464 augere
187 403 287 463 parva,
305 385 473 444 varietatem
485 377 635 460 similibus,
648 384 827 464 voluptatem
843 387 985 464 expositis
999 387 1068 448 dare

15 489 16 494 ¹
60 478 93 530 et
109 469 184 529 bene
198 468 298 528 dicere
312 467 399 527 multa
416 469 452 528 de
468 469 578 545 paucis.

45 569 48 573 ·
145 551 176 612 ln
192 551 249 612 hoc
266 553 373 630 optime
392 550 687 612 iacientinlinitee
706 552 971 630 quaestiones,
996 573 1067 632 quas

14 631 16 710 J
58 638 160 698 vocari
172 636 268 706 θέσεις
279 635 411 708 diximus,
420 634 523 713 quibus
536 632 641 694 Cicero
654 635 708 695 iam
720 637 857 715 princeps
870 635 897 695 in
909 637 1067 715 republica

14 723 15 780 Ξ
59 721 195 780 exerceri
213 717 337 778 solebat.
368 717 418 777 llis
435 718 555 777 conlinis
572 727 617 777 est
638 718 856 778 destructio
872 729 906 779 et
922 721 1107 784 confir-12

57 805 168 864 matio
189 803 473 862 sententiarum.
512 801 583 860 Nam
608 803 730 862 comsit
755 805 897 863 sententia
918 804 1067 863 decretum

14 933 15 960 ,
58 887 204 967 quoddam
222 897 308 965 atque
325 895 528 963 praeceptum:
551 885 629 963 quod
649 886 733 946 dere
755 886 885 946 idem'de
902 887 1007 946 iudicio
1025 890 1067 948 rei
1089 938 1093 946 .
1159 960 1161 966 Α

13 1008 15 1026 ,
59 972 161 1050 quaeri
177 978 284 1048 potest.
313 967 385 1029 'l'um
401 968 478 1029 loci
499 985 730 1044 communes,
747 986 821 1047 quos
837 971 922 1030 etiam
941 973 1067 1049 scriptos

13 1075 20 1138 ι.
57 1055 97 1115 ab
113 1053 275 1114 oratoribus
291 1053 407 1112 scimus.
439 1051 510 1112 Nam
527 1053 575 1129 qni
590 1052 664 1112 haec
680 1061 761 1113 recta
773 1062 879 1126 tantum
892 1062 921 1113 et
932 1055 960 1113 in
970 1054 1067 1115 nullos

13 1157 14 1204 l
58 1140 154 1200 llexus
171 1137 338 1198 recedentia
360 1138 483 1215 copiose
505 1138 687 1211 tractaverit,
711 1139 810 1213 utique
832 1139 861 1196 in
883 1137 942 1198 illis
966 1138 1067 1217 plures

13 1221 15 1234 '
58 1240 201 1283 excursus
217 1220 424 1299 recipientibus
439 1221 529 1296 magis
543 1218 697 1280 abundabit
715 1222 828 1297 eritque
840 1222 868 1279 in
883 1239 983 1281 omnes
1001 1239 1067 1281 cau·

57 1325 108 1366 sas
120 1314 247 1384 paratus.
276 1303 383 1363 Omnes
399 1306 471 1362 enim
487 1302 674 1380 generalibus
692 1304 910 1381 quaestionibus
926 1314 1110 1369 constantii

57 1389 131 1450 Nam
147 1388 213 1466 quid
230 1390 361 1462 interest,
381 1385 540 1449 Corneliae
555 1387 809 1465 tribunusplebis
828 1389 910 1466 qaod
929 1390 1067 1450 codicem

57 1477 177 1550 deperit,
193 1490 260 1531 reus
272 1473 324 1538 sit;
343 1489 378 1530 an
391 1489 578 1548 quaeramus:
599 1468 772 1532 Violcturne
786 1474 945 1548 maiestas,
960 1475 989 1533 ei
1002 1491 1067 1534 ma·

56 1559 206 1637 qirtratuo
227 1557 413 1634 copationem
434 1573 523 1614 urtam
544 1556 657 1634 populo
676 1558 743 1633 ipre
764 1557 964 1620 recitaverit?
995 1555 1068 1618 lllilo

11 1651 12 1654 ’
61 1637 200 1700 Clodiam
215 1649 337 1700 rectene
359 1639 524 1711 acciderit,
547 1638 644 1697 veniat
663 1640 689 1697 in
706 1640 855 1713 iudicium;
872 1643 918 1716 an,
938 1638 1065 1719 Oporte-

59 1733 132 1785 otne
157 1725 367 1783 insidiatorem
392 1721 525 1798 interfici
548 1723 598 1781 cel
624 1725 831 1800 perniciosum
856 1725 1067 1802 reipublicae
1136 1755 1140 1767 „

59 1809 174 1882 civem,
193 1807 313 1866 etiamsi
332 1825 392 1866 aaa
416 1805 578 1865 insidietur
634 1802 710 1865 Coto
732 1803 885 1867 Marciam
905 1809 1067 1868 honestene

57 1891 225 1952 tradiderit
240 1888 421 1957 Hortensim
441 1907 487 1961 an,
512 1886 717 1949 Coraceniatae
733 1907 785 1948 ree
804 1889 876 1949 talio
891 1891 967 1951 bono
978 1893 1066 1951 ciro?
1084 1889 1090 1896 “

11 1977 12 1982 ’
57 1975 106 2036 De
129 1976 261 2050 personis
283 1974 425 2032 iudicatur
452 1971 504 2030 sed
532 1972 568 2031 de
592 1970 679 2031 rebus
701 1972 893 2032 contenditur.
919 1970 1107 2036 Deoia-14

56 2059 240 2118 mationes
265 2074 354 2130 vero,
388 2055 521 2133 quales
513 2073 541 2113 un
564 2055 674 2114 scholis
702 2055 849 2115 rhetorum
870 2042 1017 2131 obeuntur,
1041 2058 1066 2116 si

10 2139 12 2220 ᾗ
56 2141 147 2201 ιιιοιΙο
163 2150 227 2200 sunt
243 2140 277 2200 ad
293 2141 444 2199 veritatem
460 2139 695 2198 accommodatae
706 2148 735 2198 et
751 2138 928 2199 orationibus
944 2102 1065 2238 similes,

10 2261 13 2272 ·
55 2242 117 2286 non
133 2233 239 2284 tantum
257 2224 321 2284 dum
338 2223 510 2282 adolescit
502 2223 612 2281 iuvenis
634 2231 699 2281 sunt
716 2223 903 2299 utilissimae,
928 2241 1002 2302 quae
1024 2225 1065 2282 in-

10 2383 11 2388 ,
46 2309 223 2369 -ventionem
241 2317 270 2367 et
285 2308 503 2386 dispositionem
523 2308 631 2383 pariter
646 2316 802 2380 exercent,
825 2306 877 2365 sed
901 2309 985 2366 etiam
1004 2325 1067 2366 eum

10 2405 11 2464 ζ
56 2402 105 2453 est
124 2401 335 2452 consummatus
358 2390 469 2451 aotam
491 2390 519 2448 in
536 2387 601 2448 loro
619 2389 725 2449 clarus.
766 2389 861 2449 blitur
881 2392 955 2448 enim
976 2398 1063 2467 atque

10 2481 11 2502 ³
56 2477 205 2551 enitescit,
220 2475 301 2535 velut
316 2472 422 2552 pabulo
438 2473 560 2534 laetiore
577 2472 711 2533 facundia
727 2482 755 2532 et
771 2473 886 2532 assidua
903 2475 1064 2534 contentio-

10 2555 11 2600 f
55 2578 125 2620 num
144 2560 300 2637 asperitate
322 2559 440 2634 fatigata
462 2566 628 2616 renovatur
667 2555 854 2635 Quapropter
873 2557 1108 2617 historiae15

54 2660 261 2720 nonnunquam
276 2642 423 2701 ubertas
415 2661 442 2700 ιιι
462 2639 556 2717 aliqua
578 2639 735 2699 exercendi
754 2639 811 2699 stili
831 2649 913 2717 parte
931 2640 1084 2740 ponenda

55 2738 87 2789 et
104 2726 341 2802 dialogorum
353 2724 487 2784 libertate
499 2720 690 2800 gestiendum.
716 2722 760 2782 Ne
773 2725 935 2782 carmine
950 2715 1084 2800 quidem

56 2811 163 2872 ludere
184 2811 356 2869 contrarium
377 2809 476 2874 luerim
495 2809 569 2867 sicut
587 2805 730 2882 athletae,
750 2807 870 2866 remissa
896 2807 1065 2884 quibusdam

54 2893 240 2972 temporibus
256 2891 385 2951 ciborum
402 2901 488 2969 atque
511 2891 749 2950 exercitationum
770 2900 850 2950 certa
876 2892 1064 2967 necessitate,

55 2980 121 3037 otio
139 2986 168 3036 et
187 2974 402 3036 iucundioribus
420 2975 523 3035 eduliis
541 2974 715 3034 reficiuntur.
754 2972 884 3051 Ideoque
904 2975 971 3034 mibi
987 2974 1065 3034 vide·
1075 2982 1108 3036 16

54 3071 105 3122 tur
123 3060 161 3120 ll.
182 3059 292 3119 Tullius
314 3069 420 3119 tantum
446 3056 576 3117 intulisse
600 3057 785 3135 eloquentiae
802 3057 912 3132 lumen,
936 3058 1014 3135 quod
1038 3061 1065 3116 in

53 3147 113 3206 bos
131 3161 248 3223 quoque
263 3143 420 3204 studiorum
441 3158 578 3200 secessus
594 3143 732 3207 excurrit,
765 3139 837 3200 Nam
858 3143 883 3200 si
900 3141 983 3200 nobis
1002 3141 1065 3200 sola

54 3229 181 3288 materia
197 3227 284 3286 luerit
304 3245 341 3286 ex
357 3226 470 3286 litihu‘s:
487 3241 614 3284 necesse
630 3233 676 3284 est
691 3223 839 3285 deteratur
854 3224 952 3301 lolgor
968 3232 997 3283 et
1013 3223 1064 3283 du·

52 3321 159 3372 rescat
181 3311 318 3370 articulus
344 3319 374 3370 et
397 3312 461 3388 ipse
482 3308 533 3368 ille
555 3315 655 3368 mucro
679 3309 785 3386 ingenii
807 3308 948 3368 cotidiana
969 3325 1065 3386 pugna

53 3393 236 3456 retundatur

148 3476 207 3538 Sed
231 3477 468 3558 quemadmodum
492 3475 656 3536 forensibus
671 3473 873 3536 certaminibus
889 3455 1107 3536 exercitatosl‘l

851 3556 913 3621 12*
