2446 3962
340 157 342 160 ’
381 181 470 229 nusr.
485 181 714 229 ocerannus.
729 149 811 248 rur.
1037 175 1096 236 167

1 373 2 376 ι
96 339 319 400 circumstantes
335 334 506 412 intelligant.
531 334 563 394 ln
579 352 636 413 quo
651 354 762 412 genere
780 337 909 415 plurimis
926 339 1026 417 liguris
1043 341 1099 400 erit

1 489 2 494 .
93 419 235 482 varianda
256 419 403 496 expositio
425 418 461 477 ad
486 418 679 495 effugiendum
702 420 827 480 taedium
849 429 918 480 nota
941 423 1096 499 audientis,

94 507 173 566 siout
188 499 366 579 Meministi,
392 509 421 560 et
435 499 580 563 Fortasse
593 521 819 582 supervacuum
834 504 930 583 fuerit
948 506 998 566 lic
1020 525 1098 567 eom·

93 588 234 655 ntorum
249 583 315 647 Sed
330 585 405 664 quid
425 587 625 663 equolisimae,
642 595 757 647 catatu
773 589 999 665 optimenoris;
1019 591 1099 652 illud
1198 643 1204 654 .

94 671 190 750 quate
212 671 267 745 sit,
288 677 321 732 tu
342 670 448 731 scios?
470 668 560 728 ethis
582 669 695 729 similia.
722 669 859 750 Alioqui,
883 672 909 731 si
929 673 1004 750 apud
1026 672 1142 732 iudi-23

95 772 179 829 cem,
207 754 253 812 cui
273 762 340 813 nota
366 761 536 828 causaest,
561 754 687 812 narratio
710 771 827 851 semper
853 754 968 815 uidetur
995 774 1097 843 super·

94 854 205 912 vacua,
229 845 329 915 potest
348 834 440 910 videri
457 852 514 894 non
533 853 651 914 semper
672 854 739 895 esse
761 838 847 896 etiam
868 839 932 916 ipsa
954 841 1030 898 actio
1048 857 1097 898 nc-

100 921 237 980 cessaria.
732 948 741 954 ·

182 1002 316 1062 Alterum
342 1011 404 1077 est,
432 1001 468 1061 de
495 1019 552 1081 quo
578 1003 758 1080 frequentius
787 1005 950 1083 quaeritur,
981 1023 1024 1064 an
1050 999 1141 1065 sit24

1 1154 5 1163 Ι
96 1089 225 1165 utique
248 1086 415 1146 narratio
439 1085 631 1163 prooemio
658 1085 917 1156 subiicienda;
945 1089 1023 1166 quod
1050 1090 1099 1167 qui

96 1172 269 1250 opinantur,
292 1186 349 1228 nou
364 1177 486 1246 possunt
498 1169 591 1229 videri
609 1167 687 1228 nulla
702 1170 813 1228 ratione
829 1171 916 1230 ducti.
944 1170 1017 1230 Nam
1035 1190 1100 1232 cum

96 1254 286 1332 prooemium
301 1253 411 1312 ideirco
434 1260 631 1330 comparatum
653 1253 705 1328 sit,
728 1261 759 1311 ut
779 1253 868 1312 iudex
889 1253 924 1312 ad
942 1271 1005 1312 rem
1022 1256 1099 1314 aeci-

97 1337 236 1416 piendam
259 1335 308 1395 fiat
333 1336 534 1411 conciliatior,
562 1334 702 1411 docilior,
730 1336 880 1405 intention
910 1345 939 1396 et
964 1335 1099 1416 probatio

95 1423 153 1480 nisi
171 1436 258 1479 causa
273 1419 352 1497 prius
371 1419 486 1494 cognita
509 1436 566 1478 non
581 1419 675 1497 possit
696 1417 842 1479 adhiberi:
865 1421 996 1498 protinus
1012 1421 1115 1481 iudex'

97 1503 201 1563 notitia
220 1520 315 1561 rerum
338 1501 521 1563 instruendus
541 1503 664 1562 ridetur.
700 1501 760 1562 Sed
776 1501 835 1563 hoc
850 1521 968 1583 quoque
986 1502 1143 1564 iuterim25

98 1595 190 1646 mutat
208 1585 339 1646 condicio
360 1603 524 1654 causarum;
548 1587 602 1644 nisi
621 1585 698 1645 forte
719 1584 758 1644 Μ.
781 1585 892 1647 'fullius
916 1588 944 1646 in
968 1588 1101 1646 oratione

100 1667 307 1748 pulcherrima,
325 1687 410 1746 quam
423 1684 477 1747 pro
493 1667 601 1729 llilone
617 1669 754 1746 scriptam
764 1670 903 1750 reliquit,
920 1669 994 1730 male
1011 1668 1099 1730 distu-

102 1752 174 1812 lisse
195 1754 386 1813 narrationem
406 1753 521 1812 ridetur
541 1751 632 1812 tribus
661 1755 838 1830 praepositis
865 1753 1098 1831 quaestionibus;

99 1844 149 1896 aut
172 1836 331 1914 profuisset
355 1853 522 1915 exponere,
551 1835 696 1913 quomodo
719 1835 837 1894 insidias
858 1835 958 1895 Miloni
978 1835 1101 1895 fecisset

98 1917 238 1996 Clodius,
259 1921 284 1978 si
298 1937 396 1996 reum,
416 1921 464 1998 qui
483 1937 500 1978 a
515 1936 547 1977 se
562 1918 707 1978 hominem
723 1919 852 1978 occisum
869 1919 1026 1993 fateretur,
1049 1918 1099 1978 de·

95 2002 178 2063 feudi
195 2003 308 2062 omniuo
330 2003 374 2063 fas
390 2020 448 2062 non
462 2003 583 2078 fuisset,
603 2010 651 2062 aut
666 2001 691 2059 si
711 2001 767 2061 iam
783 2001 963 2081 praeiudicio
982 2010 1099 2062 senatus

1 2136 2 2144 ,
97 2087 248 2147 damnatus
264 2095 345 2146 esset
357 2086 443 2161 Milo,
467 2095 515 2146 aut
535 2087 560 2145 si
577 2083 628 2144 Cn.
646 2084 817 2162 Pompeius,
841 2086 889 2164 qui
911 2095 1033 2164 propter
1049 2084 1100 2144 ali·

1 2243 2 2250 ,
98 2187 185 2248 quam
200 2169 322 2246 gratiam
336 2169 471 2230 iudicium
486 2171 571 2229 etiam
584 2166 720 2228 militibus
737 2170 853 2229 armatis
870 2168 1026 2244 clauserat,
1040 2177 1099 2228 tan-

1 2321 2 2333 ,
97 2271 185 2332 quam
201 2251 340 2312 adversus
358 2254 384 2312 ei
401 2253 559 2313 timeretur.
592 2250 672 2328 Ergo
695 2251 751 2311 hae
774 2267 890 2330 quoque
913 2252 1143 2330 quaestionesru
1171 2253 1209 2272 ⁶

1 2339 2 2386 t
96 2337 157 2395 vim
172 2338 315 2414 prooemii
335 2335 517 2413 obtinebant,
538 2354 601 2397 cum
618 2352 718 2394 omues
739 2335 864 2394 iudicem
880 2344 1099 2413 praepararent.

98 2419 160 2480 Sed
181 2435 235 2497 pro
246 2420 364 2480 Vareno
380 2437 497 2500 quoque
511 2429 616 2499 postea
631 2419 758 2478 narravit
777 2423 861 2496 quam
877 2417 993 2480 obiecta
1008 2418 1099 2479 diluit.

101 2502 190 2577 Quod
205 2503 255 2563 liet
269 2504 394 2580 utiliter,
415 2505 551 2581 quotiens
565 2520 623 2563 nou
636 2501 839 2581 repellendum
855 2510 962 2562 tantum
975 2503 1030 2562 erit
1047 2503 1101 2562 cri-

98 2605 168 2646 men
190 2587 243 2648 sed
266 2589 352 2647 etiam
373 2587 621 2662 transferendum,
643 2594 675 2645 ut
695 2586 776 2664 prius
800 2585 845 2646 his
869 2585 999 2646 defensis
1021 2585 1103 2644 velut

98 2671 210 2730 initium
234 2671 272 2730 sit
295 2670 381 2730 alium
404 2671 537 2750 culpandi
558 2670 702 2744 narratio,
724 2677 755 2727 ut
776 2669 804 2727 in
826 2685 969 2729 armorum
988 2669 1102 2728 ratione

99 2755 246 2832 antiquior
275 2755 396 2814 cavendi
424 2773 508 2832 quarn
533 2755 620 2813 ictum
646 2751 789 2812 inferendi
816 2769 884 2812 cura
911 2760 965 2812 est.
1011 2749 1144 2810 Eruntil

97 2837 243 2936 quaedam
266 2855 371 2898 causae
394 2838 505 2916 (neque
526 2837 555 2896 id
574 2838 657 2916 raro)
682 2836 800 2895 crimine
822 2834 954 2914 quidem,
984 2835 1021 2894 de
1044 2851 1102 2932 puo

98 2921 231 2998 cognitio
248 2929 309 2997 est,
329 2921 432 2982 faciles
448 2921 484 2982 ad
498 2920 663 2982 diluendum
678 2919 732 2980 sed
746 2918 842 2978 multis
857 2926 1009 2979 anteactae
1024 2919 1103 2977 vitae

96 3003 218 3082 flagitiis
234 3014 264 3065 et
280 3005 417 3082 grauibus
434 3014 588 3073 oneratae;
612 3021 688 3084 quae
704 3005 784 3082 prius
799 3001 958 3063 amovenda
974 3011 1054 3077 sunt,
1072 3010 1104 3060 ut

98 3087 246 3166 nropitius
273 3089 363 3150 luder
387 3088 588 3148 defensionem
610 3088 701 3166 ipsius
727 3087 853 3164 negotii,
878 3087 959 3147 cuius
983 3085 1104 3164 propria

156 3171 236 3230 estio
265 3180 326 3247 est,
355 3171 465 3233 audiat:
492 3181 539 3248 ut,
567 3172 593 3232 si
617 3168 816 3233 defendendus
843 3171 881 3229 sit
905 3167 943 3228 Μ.
972 3166 1102 3242 (laelius,

152 3272 198 3314 me
215 3258 324 3334 optime
339 3265 478 3334 patronus
494 3264 628 3316 occurrat
642 3254 722 3333 prius
738 3254 877 3313 conviciis
892 3252 1034 3326 luxuriae,
1050 3266 1102 3328 pe·

148 3339 259 3414 antiae,
279 3339 472 3417 impudicitiae
490 3356 575 3417 quam
590 3336 741 3412 veneficii,
760 3335 906 3414 inquibus
923 3334 994 3393 solis
1011 3333 1102 3392 omnis

137 3421 257 3482 senonis
271 3431 405 3482 versatur
421 3423 528 3494 oratio;
548 3432 607 3483 tum
622 3419 726 3483 deinde
741 3428 839 3480 narret
853 3419 890 3479 de
905 3417 988 3477 bonis
1003 3415 1104 3476 Pallae
