2436 3956
339 206 784 274 rusu.onau0s.ure.v11,1.
1047 199 1067 258 'i

64 365 182 446 publica
197 365 295 425 fuerit.
337 359 544 422 Necessitate?
567 360 661 421 subita
676 361 762 438 igitur
776 378 887 439 pugna,
909 379 967 421 non
983 381 1067 442 prae-

62 457 179 528 parata;
201 447 277 508 alter
297 446 385 523 igitur
405 443 554 505 insidIatus
577 454 631 504 est.
670 441 762 503 Uter?
781 443 918 505 Profecto
936 444 1066 510 Clodius.

62 531 210 608 Videsne,
232 539 264 591 nt
280 531 344 608 ipsa
364 544 460 588 rerum
476 529 639 588 necessitas
655 526 779 587 deducat
794 527 830 586 ad
846 527 1067 590 defensionem?

57 613 186 674 Adhuc:
207 613 267 674 alut
281 613 380 691 utique
395 611 487 670 voluit
502 611 639 671 occidere
656 610 852 670 insidiatorem
869 609 1000 673 Clodium
1020 623 1111 680 aut36

56 714 132 756 uon.
177 696 295 771 Tutius,
313 692 339 754 si
354 695 455 754 noluit.
499 693 645 754 recerunt
660 711 732 770 ergo
748 695 825 754 servi
840 692 956 754 Milonis
972 715 1067 775 neque

57 778 184 840 iubente
199 797 296 858 neque
314 779 425 838 sciente
441 775 560 838 Milone.
605 778 644 836 At
658 777 733 837 haec
748 786 804 837 tam
821 777 917 838 timida
934 779 1066 840 defensio

55 862 190 924 detrahit
217 862 417 923 auctoritatem
443 860 501 936 illi,
534 879 590 940 qua
620 868 701 921 recte
732 858 898 921 dicebamus
927 863 1065 923 occisum.

58 945 240 1006 Adiicietur:
262 944 351 1020 Quod
364 963 438 1006 suos
452 947 580 1024 quisque
595 953 701 1006 seruos
721 946 753 1004 irs
771 945 828 1008 tuli
845 945 1001 1024 refecere
1014 956 1109 1012 rao-3?

54 1031 178 1091 luisset.
222 1028 286 1092 lloc
305 1045 342 1088 eo
360 1037 406 1088 est
420 1028 535 1103 utilius,
557 1027 634 1107 quod
650 1045 741 1106 saepe
758 1027 828 1088 nibil
845 1028 944 1107 placet
964 1039 992 1089 et
1015 1031 1066 1090 ali-

56 1113 132 1192 quid
154 1111 305 1174 dicendum
333 1121 388 1171 est.
432 1111 595 1171 intueamur
618 1128 690 1188 ergo
718 1113 827 1171 omnia:
857 1113 895 1173 ita
915 1113 1067 1190 apparebit
1119 1115 1125 1119 “

57 1204 113 1256 aut
127 1194 173 1271 id,
191 1195 267 1274 quod
283 1196 420 1274 optimum
437 1203 498 1270 est,
514 1203 562 1254 aut
576 1193 620 1270 id,
636 1194 712 1271 quud
728 1194 841 1252 minime
855 1195 969 1254 rnalum.
997 1196 1066 1256 Pro·

60 1279 210 1358 positione
234 1277 387 1357 aliquando
409 1276 567 1338 adversarii
582 1278 717 1336 utendum
733 1286 762 1336 et
784 1295 851 1336 esse
867 1282 1066 1356 nonnunquam

56 1379 244 1422 communem
261 1379 342 1438 eam,
359 1378 412 1420 suo
430 1359 498 1420 loeo
514 1361 620 1421 dictum
636 1369 690 1418 est.
710 1430 712 1434 ¹

149 1443 246 1502 Multis
262 1444 375 1503 milibus
390 1461 525 1502 versuum
542 1445 604 1501 scio
620 1444 694 1520 apud
713 1443 853 1521 quosdam
869 1462 937 1504 esse
953 1448 1066 1522 quaesi-

59 1537 144 1602 ium,
162 1527 308 1604 quomodo
322 1527 529 1600 inveniremus,
552 1532 615 1584 utra
631 1543 698 1603 pars
717 1525 839 1585 deberet
856 1527 937 1603 prior
952 1529 1065 1606 dicere;

59 1609 144 1690 quod
159 1610 187 1668 in
209 1609 274 1669 foro
290 1609 338 1669 vel
357 1609 509 1669 atrocitate
529 1607 715 1668 formularum
730 1609 779 1668 vel
796 1609 882 1669 modo
898 1612 1067 1688 petitionum

64 1693 116 1752 vel
128 1693 284 1752 novissime
300 1702 380 1752 sorte
396 1691 574 1751 diiudicatur.
619 1690 651 1751 ln
668 1691 770 1751 schola
785 1695 886 1770 quaeri
909 1694 978 1754 nihil
1004 1697 1110 1755 atti-38

65 1785 134 1851 net,
164 1793 229 1836 cum
256 1777 285 1834 in
313 1773 570 1836 declamationibus
595 1773 697 1834 iisdem
723 1791 841 1834 narrare
869 1784 898 1834 et
924 1778 1067 1837 contradi·

58 1859 177 1920 ctioues
199 1858 317 1918 solvere
338 1868 394 1919 tam
418 1856 454 1918 ab
476 1865 577 1920 actore
600 1874 684 1934 quam
703 1875 719 1916 a
744 1874 921 1934 possessore
944 1877 1066 1919 conces-

56 1961 125 2002 suru
146 1944 194 2002 sit.
238 1941 297 2002 Sed
320 1943 348 2000 in
369 1940 499 2018 plurimis
524 1941 731 1999 controversiis
752 1958 788 1999 ne
811 1941 931 1999 inveniri
952 1943 1066 2019 quidem

57 2033 176 2105 potest:
196 2031 227 2082 ut
243 2025 271 2083 in
286 2023 353 2099 illa,
372 2021 431 2096 Qui
445 2029 508 2083 tres
522 2024 634 2084 liberos
648 2023 796 2099 babebat,
815 2032 985 2102 oratorem,
998 2027 1067 2104 plri-

55 2106 234 2186 iosoplrum,
256 2107 424 2182 medicum,
457 2114 633 2168 testamento
657 2114 802 2185 quattuor
821 2116 928 2185 portes
944 2111 1017 2188 feeit
1039 2119 1068 2171 et

54 2191 202 2268 sinpulas
215 2191 344 2268 mapalis
363 2190 466 2264 dedit,
491 2209 584 2251 arnam
605 2191 671 2252 eius
691 2192 883 2266 escenderit,
911 2194 964 2269 qui
988 2201 1067 2254 esset
1201 2259 1206 2262 ,

59 2274 242 2336 utilissimus
263 2275 389 2334 civitati.
435 2271 632 2341 contendum
655 2274 719 2350 quis
735 2274 843 2351 primus
859 2273 951 2350 dieat,
973 2276 1108 2338 incer-so

56 2367 121 2417 tum
140 2364 196 2432 est,
212 2358 375 2436 propositio
394 2365 489 2416 tamen
505 2365 594 2416 certa.
640 2355 737 2416 Abeo
756 2360 841 2432 enim,
866 2360 946 2416 ouius
964 2377 1066 2436 perso·

58 2458 126 2500 nam
149 2438 307 2518 tuebimur,
330 2439 521 2519 incipiendum
545 2442 609 2498 erit.
654 2439 691 2500 Et
714 2440 789 2501 haec
806 2441 920 2521 quidem
942 2442 979 2502 de
996 2442 1066 2503 divi·
1172 2509 1178 2515 ¹

57 2524 199 2586 dendoin
214 2525 378 2584 universum
393 2525 524 2602 praecipi
541 2533 671 2601 possunt.

146 2607 186 2667 alt
210 2609 354 2687 quomodo
379 2609 556 2666 inveniemus
578 2609 662 2667 etiarn
686 2607 751 2667 illas
774 2607 952 2668 occultiores
979 2617 1114 2686 quae-40-

2 2767 3 2774 ,
54 2687 196 2753 stiones?
216 2691 346 2766 scilicet,
363 2689 508 2769 quomodo
525 2692 698 2766 sententias,
718 2689 824 2766 verba,
843 2691 967 2768 figuras,
985 2692 1065 2751 eolo-

2 2795 3 2798 *
56 2794 127 2836 res:
149 2775 286 2852 ingenio,
304 2793 389 2851 cura,
406 2775 626 2834 exercitatione.
670 2773 735 2834 Non
750 2783 845 2834 tamen
860 2775 922 2834 fere
943 2792 1067 2852 unquam

2 2855 3 2926 f
56 2859 116 2918 nisi
132 2857 341 2936 imprudentem
356 2859 500 2936 lugerint,
517 2859 559 2932 si,
578 2867 609 2916 ut
623 2857 698 2934 dixi,
716 2867 845 2917 naturam
864 2859 948 2936 sequi
964 2857 1065 2918 ducem

2 2951 3 2970 ³
55 2940 163 3010 uelit,
188 2941 248 3001 Sed
264 2940 398 3020 plerique
420 2940 605 3018 eloquentiae
628 2941 731 3000 famam
750 2942 920 3001 affectantes
939 2943 1109 3004 contentiil

2 2990 4 3114 q
55 3033 126 3084 sunt
144 3024 220 3085 locis
235 3026 379 3103 speciosis
393 3025 480 3084 modo
493 3023 542 3084 vel
558 3022 627 3082 nilril
643 3023 894 3102 adprobationem
913 3025 1065 3085 conferen-

2 3121 3 3124 ’
56 3107 147 3168 tibus.
193 3107 268 3184 allii,
293 3108 363 3168 nihil
384 3109 458 3168 ultra
480 3125 530 3183 ea,
557 3124 631 3184 quae
653 3108 680 3166 in
703 3108 804 3168 oculos
824 3108 988 3184 incurrunt,
1015 3128 1067 3168 ex-

2 3202 3 3268 t
59 3191 249 3269 quirendum,
275 3200 383 3269 putant.
435 3189 597 3268 Quodque
621 3191 734 3251 facilius
751 3201 907 3270 appareat:
930 3209 1013 3251 unam
1028 3191 1065 3251 de

60 3274 166 3335 ecbola
182 3277 427 3349 controversiam,
449 3291 507 3335 „on
530 3276 569 3334 ita
585 3292 655 3333 sane
672 3274 868 3335 difficillimam
888 3284 936 3336 aut
950 3291 1064 3350 novam,

61 3375 224 3436 proponam
245 3358 272 3416 ln
298 3356 472 3436 exemplum.
530 3356 589 3431 Qui
614 3376 668 3418 reo
692 3359 875 3436 proditionis
895 3358 982 3437 patri
1006 3365 1108 3421 mooli

61 3441 201 3524 afficerit,
224 3441 354 3504 reiteres
367 3442 416 3501 sit.
455 3437 640 3503 Proditionis
654 3442 818 3502 damoetas
833 3459 902 3502 cum
916 3440 1067 3503 advocato
