<?xml version="1.0" encoding="UTF-8"?>
<!DOCTYPE html PUBLIC "-//W3C//DTD XHTML 1.0 Transitional//EN"
    "http://www.w3.org/TR/xhtml1/DTD/xhtml1-transitional.dtd">
<html xmlns="http://www.w3.org/1999/xhtml" xml:lang="en" lang="en">
 <head>
  <title>
</title>
<meta http-equiv="Content-Type" content="text/html;charset=utf-8" />
  <meta name='ocr-system' content='tesseract 3.04.00' />
  <meta name='ocr-capabilities' content='ocr_page ocr_carea ocr_par ocr_line ocrx_word'/>
</head>
<body>
  <div class='ocr_page' id='page_1' title='image "./mfabiiquintilia04quingoog_0422.png"; bbox 0 0 2494 3952; ppageno 0'>
   <div class='ocr_carea' id='block_1_1' title="bbox 372 185 1102 260">
    <p class='ocr_par' dir='ltr' id='par_1_1' title="bbox 372 185 1102 260">
     <span class='ocr_line' id='line_1_1' title="bbox 372 185 1102 260; baseline 0.007 -19"><span class='ocrx_word' id='word_1_1' title='bbox 372 193 463 242; x_wconf 80' lang='lat' dir='ltr'><strong><em>rxss.</em></strong></span> <span class='ocrx_word' id='word_1_2' title='bbox 480 193 630 241; x_wconf 80' lang='lat' dir='ltr'><strong><em>aaaron.</em></strong></span> <span class='ocrx_word' id='word_1_3' title='bbox 648 194 718 241; x_wconf 79' lang='lat' dir='ltr'><strong><em>me.</em></strong></span> <span class='ocrx_word' id='word_1_4' title='bbox 736 192 832 260; x_wconf 79' lang='lat' dir='ltr'><strong><em>1x,4.</em></strong></span> <span class='ocrx_word' id='word_1_5' title='bbox 1044 185 1102 246; x_wconf 86' lang='lat'><strong><em>137</em></strong></span> 
     </span>
    </p>
   </div>
   <div class='ocr_carea' id='block_1_2' title="bbox 12 328 1190 3533">
    <p class='ocr_par' dir='ltr' id='par_1_2' title="bbox 91 328 1103 590">
     <span class='ocr_line' id='line_1_2' title="bbox 92 328 1102 427; baseline 0.003 -19"><span class='ocrx_word' id='word_1_6' title='bbox 92 345 211 422; x_wconf 81' lang='lat' dir='ltr'><strong><em>solent,</em></strong></span> <span class='ocrx_word' id='word_1_7' title='bbox 236 363 332 427; x_wconf 86' lang='lat' dir='ltr'><strong><em>eoque</em></strong></span> <span class='ocrx_word' id='word_1_8' title='bbox 357 347 435 406; x_wconf 89' lang='lat' dir='ltr'><strong><em>iacto</em></strong></span> <span class='ocrx_word' id='word_1_9' title='bbox 457 328 571 422; x_wconf 76' lang='lat' dir='ltr'><strong><em>vitium,</em></strong></span> <span class='ocrx_word' id='word_1_10' title='bbox 595 347 672 426; x_wconf 91' lang='lat' dir='ltr'><strong><em>quod</em></strong></span> <span class='ocrx_word' id='word_1_11' title='bbox 690 349 802 408; x_wconf 86' lang='lat' dir='ltr'><strong><em>eratin</em></strong></span> <span class='ocrx_word' id='word_1_12' title='bbox 826 349 898 424; x_wconf 86' lang='lat' dir='ltr'><strong><em>fine,</em></strong></span> <span class='ocrx_word' id='word_1_13' title='bbox 927 350 1102 412; x_wconf 75' lang='lat' dir='ltr'>continuatio</span> 
     </span>
     <span class='ocr_line' id='line_1_3' title="bbox 94 429 1103 508; baseline 0.005 -16"><span class='ocrx_word' id='word_1_14' title='bbox 94 430 239 492; x_wconf 86' lang='lat' dir='ltr'><strong><em>emendat.</em></strong></span> <span class='ocrx_word' id='word_1_15' title='bbox 285 429 353 493; x_wconf 92' lang='lat' dir='ltr'><strong><em>Non</em></strong></span> <span class='ocrx_word' id='word_1_16' title='bbox 375 432 436 491; x_wconf 87' lang='lat' dir='ltr'><strong><em>uult</em></strong></span> <span class='ocrx_word' id='word_1_17' title='bbox 454 432 587 508; x_wconf 78' lang='lat' dir='ltr'><strong><em>popualus</em></strong></span> <span class='ocrx_word' id='word_1_18' title='bbox 600 431 757 492; x_wconf 82' lang='lat' dir='ltr'><strong><em>Romanus</em></strong></span> <span class='ocrx_word' id='word_1_19' title='bbox 770 433 909 494; x_wconf 75' lang='lat' dir='ltr'><em>obsoletis</em></span> <span class='ocrx_word' id='word_1_20' title='bbox 924 436 1103 497; x_wconf 76' lang='lat' dir='ltr'><strong><em>criminibus</em></strong></span> 
     </span>
     <span class='ocr_line' id='line_1_4' title="bbox 91 513 1102 590; baseline 0.003 -14"><span class='ocrx_word' id='word_1_21' title='bbox 91 517 245 576; x_wconf 87' lang='lat' dir='ltr'><strong><em>accusari</em></strong></span> <span class='ocrx_word' id='word_1_22' title='bbox 261 513 389 575; x_wconf 82' lang='lat' dir='ltr'><strong><em>Verrem</em></strong></span> <span class='ocrx_word' id='word_1_23' title='bbox 404 515 520 590; x_wconf 91' lang='lat' dir='ltr'><strong><em>durum,</em></strong></span> <span class='ocrx_word' id='word_1_24' title='bbox 543 516 567 573; x_wconf 92' lang='lat' dir='ltr'><strong><em>si</em></strong></span> <span class='ocrx_word' id='word_1_25' title='bbox 586 516 718 584; x_wconf 74' lang='lat' dir='ltr'><strong><em>desinas:</em></strong></span> <span class='ocrx_word' id='word_1_26' title='bbox 745 516 797 575; x_wconf 89' lang='lat' dir='ltr'><strong><em>sed</em></strong></span> <span class='ocrx_word' id='word_1_27' title='bbox 816 534 879 576; x_wconf 88' lang='lat' dir='ltr'><strong><em>cum</em></strong></span> <span class='ocrx_word' id='word_1_28' title='bbox 895 527 939 576; x_wconf 89' lang='lat' dir='ltr'><strong><em>est</em></strong></span> <span class='ocrx_word' id='word_1_29' title='bbox 955 521 1102 579; x_wconf 88' lang='lat' dir='ltr'><strong><em>continua-</em></strong></span> 
     </span>
    </p>

    <p class='ocr_par' dir='ltr' id='par_1_3' title="bbox 91 599 1190 1091">
     <span class='ocr_line' id='line_1_5' title="bbox 91 599 1101 677; baseline 0.003 -19"><span class='ocrx_word' id='word_1_30' title='bbox 91 607 154 658; x_wconf 91' lang='lat' dir='ltr'><strong><em>tum</em></strong></span> <span class='ocrx_word' id='word_1_31' title='bbox 177 599 210 656; x_wconf 93' lang='lat' dir='ltr'><strong><em>iis</em></strong></span> <span class='ocrx_word' id='word_1_32' title='bbox 235 615 309 676; x_wconf 90' lang='lat' dir='ltr'><strong><em>quae</em></strong></span> <span class='ocrx_word' id='word_1_33' title='bbox 334 607 511 676; x_wconf 89' lang='lat' dir='ltr'><strong><em>sequuntur,</em></strong></span> <span class='ocrx_word' id='word_1_34' title='bbox 535 615 696 677; x_wconf 83' lang='lat' dir='ltr'><strong>quanquam</strong></span> <span class='ocrx_word' id='word_1_35' title='bbox 717 607 817 660; x_wconf 87' lang='lat' dir='ltr'><strong><em>natura</em></strong></span> <span class='ocrx_word' id='word_1_36' title='bbox 838 601 901 677; x_wconf 88' lang='lat' dir='ltr'><strong><em>ipsa</em></strong></span> <span class='ocrx_word' id='word_1_37' title='bbox 920 601 1011 660; x_wconf 85' lang='lat' dir='ltr'><strong><em>divisa</em></strong></span> <span class='ocrx_word' id='word_1_38' title='bbox 1034 605 1101 677; x_wconf 90' lang='lat' dir='ltr'><strong><em>sint,</em></strong></span> 
     </span>
     <span class='ocr_line' id='line_1_6' title="bbox 93 679 1143 759; baseline 0.006 -17"><span class='ocrx_word' id='word_1_39' title='bbox 93 679 186 742; x_wconf 88' lang='lat' dir='ltr'><strong><em>Nooa</em></strong></span> <span class='ocrx_word' id='word_1_40' title='bbox 206 683 355 759; x_wconf 86' lang='lat' dir='ltr'><strong><em>postulat,</em></strong></span> <span class='ocrx_word' id='word_1_41' title='bbox 377 684 518 742; x_wconf 86' lang='lat' dir='ltr'><strong><em>inaudita</em></strong></span> <span class='ocrx_word' id='word_1_42' title='bbox 539 684 714 743; x_wconf 74' lang='lat' dir='ltr'><strong><em>desiderat:</em></strong></span> <span class='ocrx_word' id='word_1_43' title='bbox 737 683 834 742; x_wconf 90' lang='lat' dir='ltr'><strong><em>salvus</em></strong></span> <span class='ocrx_word' id='word_1_44' title='bbox 851 692 895 742; x_wconf 90' lang='lat' dir='ltr'><strong><em>est</em></strong></span> <span class='ocrx_word' id='word_1_45' title='bbox 915 702 1025 745; x_wconf 87' lang='lat' dir='ltr'><strong><em>cursus.</em></strong></span> <span class='ocrx_word' id='word_1_46' title='bbox 1067 685 1143 748; x_wconf 78' lang='lat' dir='ltr'><strong><em>Utar</em></strong></span> 
     </span>
     <span class='ocr_line' id='line_1_7' title="bbox 91 765 1102 841; baseline 0.001 -14"><span class='ocrx_word' id='word_1_47' title='bbox 91 767 209 838; x_wconf 87' lang='lat' dir='ltr'><strong><em>adeas,</em></strong></span> <span class='ocrx_word' id='word_1_48' title='bbox 227 773 342 826; x_wconf 90' lang='lat' dir='ltr'><strong><em>tantum</em></strong></span> <span class='ocrx_word' id='word_1_49' title='bbox 358 767 462 839; x_wconf 84' lang='lat' dir='ltr'><strong><em>dabis,</em></strong></span> <span class='ocrx_word' id='word_1_50' title='bbox 479 765 556 824; x_wconf 88' lang='lat' dir='ltr'><strong><em>male</em></strong></span> <span class='ocrx_word' id='word_1_51' title='bbox 573 765 721 841; x_wconf 86' lang='lat' dir='ltr'><strong><em>eluderet,</em></strong></span> <span class='ocrx_word' id='word_1_52' title='bbox 740 784 804 826; x_wconf 90' lang='lat' dir='ltr'><strong><em>uam</em></strong></span> <span class='ocrx_word' id='word_1_53' title='bbox 820 775 849 826; x_wconf 88' lang='lat' dir='ltr'><strong><em>et</em></strong></span> <span class='ocrx_word' id='word_1_54' title='bbox 865 768 984 827; x_wconf 73' lang='lat' dir='ltr'><strong><em>trimetri</em></strong></span> <span class='ocrx_word' id='word_1_55' title='bbox 999 787 1102 828; x_wconf 91' lang='lat' dir='ltr'><strong><em>versus</em></strong></span> 
     </span>
     <span class='ocr_line' id='line_1_8' title="bbox 91 847 1103 930; baseline 0.006 -22"><span class='ocrx_word' id='word_1_56' title='bbox 91 867 163 928; x_wconf 89' lang='lat' dir='ltr'><strong><em>pars</em></strong></span> <span class='ocrx_word' id='word_1_57' title='bbox 186 848 285 908; x_wconf 89' lang='lat' dir='ltr'><strong><em>ultima</em></strong></span> <span class='ocrx_word' id='word_1_58' title='bbox 310 857 368 916; x_wconf 87' lang='lat' dir='ltr'><strong><em>est;</em></strong></span> <span class='ocrx_word' id='word_1_59' title='bbox 399 849 508 926; x_wconf 85' lang='lat' dir='ltr'><strong><em>excipit</em></strong></span> <span class='ocrx_word' id='word_1_60' title='bbox 531 847 568 910; x_wconf 87' lang='lat' dir='ltr'><strong><em>Ut</em></strong></span> <span class='ocrx_word' id='word_1_61' title='bbox 591 851 691 910; x_wconf 83' lang='lat' dir='ltr'><strong><em>cibam</em></strong></span> <span class='ocrx_word' id='word_1_62' title='bbox 715 853 913 929; x_wconf 82' lang='lat' dir='ltr'><strong><em>uestitumque</em></strong></span> <span class='ocrx_word' id='word_1_63' title='bbox 938 853 1103 930; x_wconf 81' lang='lat' dir='ltr'><strong><em>introferre</em></strong></span> 
     </span>
     <span class='ocr_line' id='line_1_9' title="bbox 91 933 1190 1010; baseline 0 -15"><span class='ocrx_word' id='word_1_64' title='bbox 91 935 203 1008; x_wconf 86' lang='lat' dir='ltr'><strong><em>liccat,</em></strong></span> <span class='ocrx_word' id='word_1_65' title='bbox 231 939 367 1000; x_wconf 69' lang='lat' dir='ltr'><strong><em>tautum·</em></strong></span> <span class='ocrx_word' id='word_1_66' title='bbox 394 949 538 1010; x_wconf 89' lang='lat' dir='ltr'><strong><em>praeceps</em></strong></span> <span class='ocrx_word' id='word_1_67' title='bbox 561 933 654 994; x_wconf 90' lang='lat' dir='ltr'><strong><em>adhuc</em></strong></span> <span class='ocrx_word' id='word_1_68' title='bbox 678 933 805 994; x_wconf 78' lang='lat' dir='ltr'><strong><em>humatur</em></strong></span> <span class='ocrx_word' id='word_1_69' title='bbox 825 951 860 994; x_wconf 94' lang='lat' dir='ltr'><strong><em>ac</em></strong></span> <span class='ocrx_word' id='word_1_70' title='bbox 882 937 1039 994; x_wconf 85' lang='lat' dir='ltr'><strong><em>sustinetur</em></strong></span> <span class='ocrx_word' id='word_1_71' title='bbox 1059 936 1102 995; x_wconf 92' lang='lat' dir='ltr'><strong><em>ul·</em></strong></span> <span class='ocrx_word' id='word_1_72' title='bbox 1187 942 1190 954; x_wconf 59' lang='lat'>‘</span> 
     </span>
     <span class='ocr_line' id='line_1_10' title="bbox 91 1013 752 1091; baseline 0.002 -15"><span class='ocrx_word' id='word_1_73' title='bbox 91 1018 164 1076; x_wconf 89' lang='lat' dir='ltr'><strong><em>timo</em></strong></span> <span class='ocrx_word' id='word_1_74' title='bbox 190 1013 284 1076; x_wconf 90' lang='lat' dir='ltr'><strong><em>Nemo</em></strong></span> <span class='ocrx_word' id='word_1_75' title='bbox 299 1018 473 1078; x_wconf 86' lang='lat' dir='ltr'><strong><em>recusabat.</em></strong></span> <span class='ocrx_word' id='word_1_76' title='bbox 747 1081 752 1091; x_wconf 66' lang='grc'>,</span> 
     </span>
    </p>

    <p class='ocr_par' dir='ltr' id='par_1_4' title="bbox 92 1097 1148 1596">
     <span class='ocr_line' id='line_1_11' title="bbox 180 1097 1148 1179; baseline 0.004 -21"><span class='ocrx_word' id='word_1_77' title='bbox 180 1099 304 1159; x_wconf 86' lang='lat' dir='ltr'><strong><em>Versum</em></strong></span> <span class='ocrx_word' id='word_1_78' title='bbox 328 1101 356 1158; x_wconf 89' lang='lat' dir='ltr'><strong><em>in</em></strong></span> <span class='ocrx_word' id='word_1_79' title='bbox 378 1101 509 1158; x_wconf 89' lang='lat' dir='ltr'><strong><em>oratioue</em></strong></span> <span class='ocrx_word' id='word_1_80' title='bbox 532 1099 594 1158; x_wconf 86' lang='lat' dir='ltr'><strong><em>lieri</em></strong></span> <span class='ocrx_word' id='word_1_81' title='bbox 611 1099 700 1160; x_wconf 88' lang='lat' dir='ltr'><strong><em>multo</em></strong></span> <span class='ocrx_word' id='word_1_82' title='bbox 720 1097 917 1160; x_wconf 80' lang='lat' dir='ltr'><strong><em>foedissimum</em></strong></span> <span class='ocrx_word' id='word_1_83' title='bbox 937 1111 982 1162; x_wconf 90' lang='lat' dir='ltr'><strong><em>est</em></strong></span> <span class='ocrx_word' id='word_1_84' title='bbox 1000 1111 1148 1179; x_wconf 61' lang='lat' dir='ltr'><strong><em>totamm·</em></strong></span> 
     </span>
     <span class='ocr_line' id='line_1_12' title="bbox 92 1183 1101 1262; baseline 0 -18"><span class='ocrx_word' id='word_1_85' title='bbox 92 1183 148 1244; x_wconf 89' lang='lat' dir='ltr'><strong><em>sed</em></strong></span> <span class='ocrx_word' id='word_1_86' title='bbox 166 1184 250 1243; x_wconf 88' lang='lat' dir='ltr'><strong><em>etiam</em></strong></span> <span class='ocrx_word' id='word_1_87' title='bbox 265 1185 293 1243; x_wconf 90' lang='lat' dir='ltr'><strong><em>iu</em></strong></span> <span class='ocrx_word' id='word_1_88' title='bbox 308 1192 390 1261; x_wconf 87' lang='lat' dir='ltr'><strong><em>parte</em></strong></span> <span class='ocrx_word' id='word_1_89' title='bbox 407 1183 552 1250; x_wconf 80' lang='lat' dir='ltr'><strong><em>deforme:</em></strong></span> <span class='ocrx_word' id='word_1_90' title='bbox 574 1185 674 1260; x_wconf 88' lang='lat' dir='ltr'><strong><em>utique</em></strong></span> <span class='ocrx_word' id='word_1_91' title='bbox 689 1186 713 1242; x_wconf 88' lang='lat' dir='ltr'><strong><em>si</em></strong></span> <span class='ocrx_word' id='word_1_92' title='bbox 730 1201 797 1262; x_wconf 89' lang='lat' dir='ltr'><strong><em>pars</em></strong></span> <span class='ocrx_word' id='word_1_93' title='bbox 813 1187 1003 1262; x_wconf 87' lang='lat' dir='ltr'><strong><em>posterioria</em></strong></span> <span class='ocrx_word' id='word_1_94' title='bbox 1023 1187 1101 1245; x_wconf 92' lang='lat' dir='ltr'><strong><em>clau-</em></strong></span> 
     </span>
     <span class='ocr_line' id='line_1_13' title="bbox 92 1267 1102 1347; baseline 0.001 -20"><span class='ocrx_word' id='word_1_95' title='bbox 92 1267 159 1328; x_wconf 89' lang='lat' dir='ltr'><strong><em>sula</em></strong></span> <span class='ocrx_word' id='word_1_96' title='bbox 175 1267 409 1346; x_wconf 83' lang='lat' dir='ltr'><strong><em>deprehendatur</em></strong></span> <span class='ocrx_word' id='word_1_97' title='bbox 430 1276 478 1327; x_wconf 89' lang='lat' dir='ltr'><strong><em>aut</em></strong></span> <span class='ocrx_word' id='word_1_98' title='bbox 493 1285 593 1325; x_wconf 91' lang='lat' dir='ltr'><strong><em>rursus</em></strong></span> <span class='ocrx_word' id='word_1_99' title='bbox 608 1268 688 1344; x_wconf 91' lang='lat' dir='ltr'><strong><em>prior</em></strong></span> <span class='ocrx_word' id='word_1_100' title='bbox 703 1269 732 1326; x_wconf 92' lang='lat' dir='ltr'><strong><em>iu</em></strong></span> <span class='ocrx_word' id='word_1_101' title='bbox 749 1269 891 1345; x_wconf 82' lang='lat' dir='ltr'><strong><em>ingressu.</em></strong></span> <span class='ocrx_word' id='word_1_102' title='bbox 937 1267 1009 1328; x_wconf 87' lang='lat' dir='ltr'><strong><em>Nam</em></strong></span> <span class='ocrx_word' id='word_1_103' title='bbox 1025 1270 1102 1347; x_wconf 87' lang='lat' dir='ltr'><strong><em>quod</em></strong></span> 
     </span>
     <span class='ocr_line' id='line_1_14' title="bbox 93 1351 1102 1431; baseline 0.002 -21"><span class='ocrx_word' id='word_1_104' title='bbox 93 1361 141 1411; x_wconf 93' lang='lat' dir='ltr'><strong><em>est</em></strong></span> <span class='ocrx_word' id='word_1_105' title='bbox 161 1359 260 1410; x_wconf 89' lang='lat' dir='ltr'><strong><em>contra</em></strong></span> <span class='ocrx_word' id='word_1_106' title='bbox 278 1367 368 1428; x_wconf 81' lang='lat' dir='ltr'><strong><em>saepe</em></strong></span> <span class='ocrx_word' id='word_1_107' title='bbox 385 1352 470 1410; x_wconf 86' lang='lat' dir='ltr'><strong><em>etiam</em></strong></span> <span class='ocrx_word' id='word_1_108' title='bbox 485 1351 586 1425; x_wconf 87' lang='lat' dir='ltr'><strong><em>decet,</em></strong></span> <span class='ocrx_word' id='word_1_109' title='bbox 609 1351 675 1429; x_wconf 89' lang='lat' dir='ltr'><strong><em>quia</em></strong></span> <span class='ocrx_word' id='word_1_110' title='bbox 696 1360 724 1410; x_wconf 91' lang='lat' dir='ltr'><strong><em>et</em></strong></span> <span class='ocrx_word' id='word_1_111' title='bbox 739 1351 846 1411; x_wconf 87' lang='lat' dir='ltr'><strong><em>claudit</em></strong></span> <span class='ocrx_word' id='word_1_112' title='bbox 863 1353 975 1411; x_wconf 90' lang='lat' dir='ltr'><strong><em>iuterim</em></strong></span> <span class='ocrx_word' id='word_1_113' title='bbox 993 1354 1102 1431; x_wconf 91' lang='lat' dir='ltr'><strong><em>optimc</em></strong></span> 
     </span>
     <span class='ocr_line' id='line_1_15' title="bbox 94 1433 1101 1514; baseline 0.002 -21"><span class='ocrx_word' id='word_1_114' title='bbox 94 1437 187 1514; x_wconf 90' lang='lat' dir='ltr'><strong><em>prima</em></strong></span> <span class='ocrx_word' id='word_1_115' title='bbox 204 1451 271 1512; x_wconf 89' lang='lat' dir='ltr'><strong><em>pars</em></strong></span> <span class='ocrx_word' id='word_1_116' title='bbox 287 1453 405 1508; x_wconf 85' lang='lat' dir='ltr'><strong><em>versus,</em></strong></span> <span class='ocrx_word' id='word_1_117' title='bbox 423 1435 489 1493; x_wconf 91' lang='lat' dir='ltr'><strong><em>dum</em></strong></span> <span class='ocrx_word' id='word_1_118' title='bbox 503 1435 575 1493; x_wconf 89' lang='lat' dir='ltr'><strong><em>intra</em></strong></span> <span class='ocrx_word' id='word_1_119' title='bbox 591 1449 699 1511; x_wconf 87' lang='lat' dir='ltr'><strong><em>paucas</em></strong></span> <span class='ocrx_word' id='word_1_120' title='bbox 715 1433 863 1510; x_wconf 81' lang='lat' dir='ltr'><strong><em>syllabas,</em></strong></span> <span class='ocrx_word' id='word_1_121' title='bbox 879 1437 1037 1514; x_wconf 80' lang='lat' dir='ltr'><strong><em>praecipue</em></strong></span> <span class='ocrx_word' id='word_1_122' title='bbox 1056 1455 1101 1494; x_wconf 89' lang='lat' dir='ltr'><strong><em>se-</em></strong></span> 
     </span>
     <span class='ocr_line' id='line_1_16' title="bbox 96 1515 1147 1596; baseline 0.002 -20"><span class='ocrx_word' id='word_1_123' title='bbox 96 1519 170 1576; x_wconf 85' lang='lat' dir='ltr'><strong><em>narii</em></strong></span> <span class='ocrx_word' id='word_1_124' title='bbox 192 1527 279 1596; x_wconf 84' lang='lat' dir='ltr'><strong><em>atque</em></strong></span> <span class='ocrx_word' id='word_1_125' title='bbox 295 1518 452 1584; x_wconf 75' lang='lat' dir='ltr'><strong><em>octonarii:</em></strong></span> <span class='ocrx_word' id='word_1_126' title='bbox 480 1516 530 1596; x_wconf 90' lang='lat' dir='ltr'><strong><em>(ln</em></strong></span> <span class='ocrx_word' id='word_1_127' title='bbox 544 1515 653 1596; x_wconf 76' lang='lat' dir='ltr'><strong><em>Africa</em></strong></span> <span class='ocrx_word' id='word_1_128' title='bbox 671 1519 770 1596; x_wconf 76' lang='lat' dir='ltr'><strong><em>fuisse</em></strong></span> <span class='ocrx_word' id='word_1_129' title='bbox 791 1520 899 1578; x_wconf 87' lang='lat' dir='ltr'><strong><em>initium</em></strong></span> <span class='ocrx_word' id='word_1_130' title='bbox 916 1521 1022 1579; x_wconf 88' lang='lat' dir='ltr'><strong><em>senarii</em></strong></span> <span class='ocrx_word' id='word_1_131' title='bbox 1044 1529 1147 1594; x_wconf 58' lang='lat' dir='ltr'><strong><em>estas</em></strong></span> 
     </span>
    </p>

    <p class='ocr_par' dir='ltr' id='par_1_5' title="bbox 66 1600 1170 3436">
     <span class='ocr_line' id='line_1_17' title="bbox 66 1600 1102 1680; baseline 0.002 -20"><span class='ocrx_word' id='word_1_132' title='bbox 66 1636 68 1640; x_wconf 80' lang='lat'><em>.</em></span> <span class='ocrx_word' id='word_1_133' title='bbox 94 1604 216 1680; x_wconf 90' lang='lat' dir='ltr'><strong><em>primum</em></strong></span> <span class='ocrx_word' id='word_1_134' title='bbox 237 1617 293 1678; x_wconf 90' lang='lat' dir='ltr'><strong><em>pro</em></strong></span> <span class='ocrx_word' id='word_1_135' title='bbox 314 1600 349 1674; x_wconf 83' lang='lat' dir='ltr'><strong><em>Q.</em></strong></span> <span class='ocrx_word' id='word_1_136' title='bbox 373 1600 487 1678; x_wconf 84' lang='lat' dir='ltr'><strong><em>Ligario</em></strong></span> <span class='ocrx_word' id='word_1_137' title='bbox 508 1610 594 1678; x_wconf 88' lang='lat' dir='ltr'><strong><em>caput</em></strong></span> <span class='ocrx_word' id='word_1_138' title='bbox 614 1602 735 1670; x_wconf 80' lang='lat' dir='ltr'><strong><em>claudit:</em></strong></span> <span class='ocrx_word' id='word_1_139' title='bbox 764 1600 842 1664; x_wconf 80' lang='lat' dir='ltr'><strong><em>Es&#39;se</em></strong></span> <span class='ocrx_word' id='word_1_140' title='bbox 857 1603 1016 1680; x_wconf 82' lang='lat' dir='ltr'><strong><em>videatur,</em></strong></span> <span class='ocrx_word' id='word_1_141' title='bbox 1037 1621 1102 1663; x_wconf 89' lang='lat' dir='ltr'><strong><em>uam</em></strong></span> 
     </span>
     <span class='ocr_line' id='line_1_18' title="bbox 97 1684 1101 1762; baseline 0.002 -20"><span class='ocrx_word' id='word_1_142' title='bbox 97 1685 179 1742; x_wconf 91' lang='lat' dir='ltr'><strong><em>nimis</em></strong></span> <span class='ocrx_word' id='word_1_143' title='bbox 195 1685 348 1762; x_wconf 80' lang='lat' dir='ltr'><strong><em>frequens,</em></strong></span> <span class='ocrx_word' id='word_1_144' title='bbox 371 1687 549 1744; x_wconf 90' lang='lat' dir='ltr'><strong><em>octonarium</em></strong></span> <span class='ocrx_word' id='word_1_145' title='bbox 565 1684 695 1752; x_wconf 67' lang='lat' dir='ltr'><strong><em>inchoem</em></strong></span> <span class='ocrx_word' id='word_1_146' title='bbox 722 1685 790 1746; x_wconf 90' lang='lat' dir='ltr'><strong><em>talia</em></strong></span> <span class='ocrx_word' id='word_1_147' title='bbox 805 1696 870 1746; x_wconf 90' lang='lat' dir='ltr'><strong><em>sunt</em></strong></span> <span class='ocrx_word' id='word_1_148' title='bbox 885 1687 1101 1760; x_wconf 78' lang='lat' dir='ltr'><strong><em>Demosthenis,</em></strong></span> 
     </span>
     <span class='ocr_line' id='line_1_19' title="bbox 95 1761 1101 1848; baseline 0.002 -22"><span class='ocrx_word' id='word_1_149' title='bbox 95 1771 171 1826; x_wconf 78' lang='grc' dir='ltr'><em>πᾶσι</em></span> <span class='ocrx_word' id='word_1_150' title='bbox 197 1767 247 1828; x_wconf 82' lang='grc' dir='ltr'><strong><em>καὶ</em></strong></span> <span class='ocrx_word' id='word_1_151' title='bbox 269 1761 393 1839; x_wconf 75' lang='grc' dir='ltr'><em>πάσαις·</em></span> <span class='ocrx_word' id='word_1_152' title='bbox 421 1767 472 1828; x_wconf 85' lang='lat' dir='ltr'><strong><em>nni</em></strong></span> <span class='ocrx_word' id='word_1_153' title='bbox 492 1771 583 1827; x_wconf 80' lang='grc' dir='ltr'><strong><em>πᾶσιν</em></strong></span> <span class='ocrx_word' id='word_1_154' title='bbox 604 1761 689 1844; x_wconf 79' lang='grc' dir='ltr'><em>ὑμῖν,</em></span> <span class='ocrx_word' id='word_1_155' title='bbox 720 1777 749 1828; x_wconf 90' lang='lat' dir='ltr'><strong><em>et</em></strong></span> <span class='ocrx_word' id='word_1_156' title='bbox 770 1778 860 1829; x_wconf 89' lang='lat' dir='ltr'><strong><em>totum</em></strong></span> <span class='ocrx_word' id='word_1_157' title='bbox 880 1787 973 1848; x_wconf 89' lang='lat' dir='ltr'><strong><em>paene</em></strong></span> <span class='ocrx_word' id='word_1_158' title='bbox 997 1771 1101 1848; x_wconf 89' lang='lat' dir='ltr'><strong><em>princi·</em></strong></span> 
     </span>
     <span class='ocr_line' id='line_1_20' title="bbox 95 1851 1147 1930; baseline 0.009 -20"><span class='ocrx_word' id='word_1_159' title='bbox 95 1853 189 1930; x_wconf 88' lang='lat' dir='ltr'><strong><em>pium)</em></strong></span> <span class='ocrx_word' id='word_1_160' title='bbox 218 1860 248 1911; x_wconf 89' lang='lat' dir='ltr'><strong><em>et</em></strong></span> <span class='ocrx_word' id='word_1_161' title='bbox 270 1852 369 1911; x_wconf 89' lang='lat' dir='ltr'><strong><em>ultima</em></strong></span> <span class='ocrx_word' id='word_1_162' title='bbox 393 1870 528 1911; x_wconf 89' lang='lat' dir='ltr'><strong><em>versuum</em></strong></span> <span class='ocrx_word' id='word_1_163' title='bbox 553 1853 632 1910; x_wconf 89' lang='lat' dir='ltr'><strong><em>initio</em></strong></span> <span class='ocrx_word' id='word_1_164' title='bbox 654 1853 828 1911; x_wconf 87' lang='lat' dir='ltr'><strong><em>conveniunt</em></strong></span> <span class='ocrx_word' id='word_1_165' title='bbox 855 1855 1008 1912; x_wconf 87' lang='lat' dir='ltr'><strong><em>orationis:</em></strong></span> <span class='ocrx_word' id='word_1_166' title='bbox 1037 1851 1147 1919; x_wconf 73' lang='lat' dir='ltr'><strong><em>uestra</em></strong></span> 
     </span>
     <span class='ocr_line' id='line_1_21' title="bbox 93 1935 1170 2012; baseline -0.003 -16"><span class='ocrx_word' id='word_1_167' title='bbox 93 1955 221 2011; x_wconf 83' lang='lat' dir='ltr'><strong><em>uereor,</em></strong></span> <span class='ocrx_word' id='word_1_168' title='bbox 236 1937 369 2011; x_wconf 85' lang='lat' dir='ltr'><strong><em>iudices,</em></strong></span> <span class='ocrx_word' id='word_1_169' title='bbox 386 1944 416 1994; x_wconf 88' lang='lat' dir='ltr'><strong><em>et</em></strong></span> <span class='ocrx_word' id='word_1_170' title='bbox 431 1935 657 2012; x_wconf 82' lang='lat' dir='ltr'><strong><em>Animadverti,</em></strong></span> <span class='ocrx_word' id='word_1_171' title='bbox 673 1937 807 1998; x_wconf 69' lang='lat' dir='ltr'><strong><em>iudices</em></strong></span> <span class='ocrx_word' id='word_1_172' title='bbox 846 1937 905 1996; x_wconf 90' lang='lat' dir='ltr'><strong><em>Sed</em></strong></span> <span class='ocrx_word' id='word_1_173' title='bbox 921 1937 998 1996; x_wconf 90' lang='lat' dir='ltr'><strong><em>initia</em></strong></span> <span class='ocrx_word' id='word_1_174' title='bbox 1015 1937 1101 1996; x_wconf 90' lang='lat' dir='ltr'><strong><em>initiis</em></strong></span> <span class='ocrx_word' id='word_1_175' title='bbox 1169 1959 1170 1968; x_wconf 47' lang='lat'>¹</span> 
     </span>
     <span class='ocr_line' id='line_1_22' title="bbox 92 2018 1100 2098; baseline 0.002 -20"><span class='ocrx_word' id='word_1_176' title='bbox 92 2037 152 2078; x_wconf 88' lang='lat' dir='ltr'><strong><em>nou</em></strong></span> <span class='ocrx_word' id='word_1_177' title='bbox 175 2020 363 2094; x_wconf 88' lang='lat' dir='ltr'><strong><em>conveniunt,</em></strong></span> <span class='ocrx_word' id='word_1_178' title='bbox 386 2019 435 2098; x_wconf 88' lang='lat' dir='ltr'><strong><em>(T.</em></strong></span> <span class='ocrx_word' id='word_1_179' title='bbox 459 2018 554 2078; x_wconf 82' lang='lat' dir='ltr'><strong><em>Liuius</em></strong></span> <span class='ocrx_word' id='word_1_180' title='bbox 576 2019 735 2079; x_wconf 88' lang='lat' dir='ltr'><strong><em>hexametri</em></strong></span> <span class='ocrx_word' id='word_1_181' title='bbox 757 2020 879 2080; x_wconf 90' lang='lat' dir='ltr'><strong><em>exordio</em></strong></span> <span class='ocrx_word' id='word_1_182' title='bbox 897 2021 1010 2098; x_wconf 87' lang='lat' dir='ltr'><strong><em>eoepit:</em></strong></span> <span class='ocrx_word' id='word_1_183' title='bbox 1039 2018 1100 2089; x_wconf 71' lang='lat' dir='ltr'><strong><em>lla-</em></strong></span> 
     </span>
     <span class='ocr_line' id='line_1_23' title="bbox 94 2103 1100 2182; baseline -0.002 -18"><span class='ocrx_word' id='word_1_184' title='bbox 94 2111 241 2164; x_wconf 88' lang='lat' dir='ltr'><strong><em>cturusne</em></strong></span> <span class='ocrx_word' id='word_1_185' title='bbox 257 2121 371 2180; x_wconf 84' lang='lat' dir='ltr'><strong><em>operae</em></strong></span> <span class='ocrx_word' id='word_1_186' title='bbox 390 2105 521 2181; x_wconf 86' lang='lat' dir='ltr'><strong><em>pretium</em></strong></span> <span class='ocrx_word' id='word_1_187' title='bbox 540 2105 598 2163; x_wconf 90' lang='lat' dir='ltr'><strong><em>sim</em></strong></span> <span class='ocrx_word' id='word_1_188' title='bbox 604 2126 619 2174; x_wconf 90' lang='lat'><strong><em>‚·</em></strong></span> <span class='ocrx_word' id='word_1_189' title='bbox 646 2121 710 2162; x_wconf 90' lang='lat' dir='ltr'><strong><em>uam</em></strong></span> <span class='ocrx_word' id='word_1_190' title='bbox 732 2104 770 2163; x_wconf 89' lang='lat' dir='ltr'><strong><em>ita</em></strong></span> <span class='ocrx_word' id='word_1_191' title='bbox 792 2103 895 2180; x_wconf 90' lang='lat' dir='ltr'><strong><em>edidit,</em></strong></span> <span class='ocrx_word' id='word_1_192' title='bbox 918 2113 1020 2182; x_wconf 88' lang='lat' dir='ltr'><strong><em>estque</em></strong></span> <span class='ocrx_word' id='word_1_193' title='bbox 1041 2121 1100 2162; x_wconf 92' lang='lat' dir='ltr'><strong><em>me·</em></strong></span> 
     </span>
     <span class='ocr_line' id='line_1_24' title="bbox 93 2186 1146 2266; baseline 0 -20"><span class='ocrx_word' id='word_1_194' title='bbox 93 2187 169 2260; x_wconf 91' lang='lat' dir='ltr'><strong><em>lius,</em></strong></span> <span class='ocrx_word' id='word_1_195' title='bbox 195 2205 280 2265; x_wconf 91' lang='lat' dir='ltr'><strong><em>quam</em></strong></span> <span class='ocrx_word' id='word_1_196' title='bbox 304 2203 361 2264; x_wconf 91' lang='lat' dir='ltr'><strong><em>quo</em></strong></span> <span class='ocrx_word' id='word_1_197' title='bbox 387 2187 474 2246; x_wconf 91' lang='lat' dir='ltr'><strong><em>modo</em></strong></span> <span class='ocrx_word' id='word_1_198' title='bbox 497 2187 679 2266; x_wconf 89' lang='lat' dir='ltr'><strong><em>emendatur)</em></strong></span> <span class='ocrx_word' id='word_1_199' title='bbox 701 2205 756 2246; x_wconf 90' lang='lat' dir='ltr'><strong><em>ueo</em></strong></span> <span class='ocrx_word' id='word_1_200' title='bbox 780 2186 928 2247; x_wconf 87' lang='lat' dir='ltr'><strong><em>clausulae</em></strong></span> <span class='ocrx_word' id='word_1_201' title='bbox 952 2187 1099 2262; x_wconf 90' lang='lat' dir='ltr'><strong><em>clausulis,</em></strong></span> <span class='ocrx_word' id='word_1_202' title='bbox 1109 2195 1146 2253; x_wconf 75' lang='lat'><strong><em>75</em></strong></span> 
     </span>
     <span class='ocr_line' id='line_1_25' title="bbox 93 2267 1100 2349; baseline 0 -21"><span class='ocrx_word' id='word_1_203' title='bbox 93 2279 127 2328; x_wconf 90' lang='lat' dir='ltr'><strong><em>ut</em></strong></span> <span class='ocrx_word' id='word_1_204' title='bbox 149 2267 271 2346; x_wconf 82' lang='lat' dir='ltr'><strong><em>Cicero,</em></strong></span> <span class='ocrx_word' id='word_1_205' title='bbox 299 2269 365 2342; x_wconf 84' lang='lat' dir='ltr'><strong><em>Quo</em></strong></span> <span class='ocrx_word' id='word_1_206' title='bbox 386 2289 434 2332; x_wconf 90' lang='lat' dir='ltr'><strong><em>me</em></strong></span> <span class='ocrx_word' id='word_1_207' title='bbox 448 2280 585 2347; x_wconf 85' lang='lat' dir='ltr'><strong><em>certam,</em></strong></span> <span class='ocrx_word' id='word_1_208' title='bbox 605 2273 728 2340; x_wconf 89' lang='lat' dir='ltr'><strong><em>nescio,·</em></strong></span> <span class='ocrx_word' id='word_1_209' title='bbox 755 2272 803 2349; x_wconf 86' lang='lat' dir='ltr'><strong><em>qui</em></strong></span> <span class='ocrx_word' id='word_1_210' title='bbox 820 2271 940 2330; x_wconf 88' lang='lat' dir='ltr'><strong><em>trimetri</em></strong></span> <span class='ocrx_word' id='word_1_211' title='bbox 961 2271 1024 2330; x_wconf 86' lang='lat' dir='ltr'><strong><em>linis</em></strong></span> <span class='ocrx_word' id='word_1_212' title='bbox 1046 2279 1100 2329; x_wconf 90' lang='lat' dir='ltr'><strong><em>est.</em></strong></span> 
     </span>
     <span class='ocr_line' id='line_1_26' title="bbox 93 2353 1101 2433; baseline -0.001 -20"><span class='ocrx_word' id='word_1_213' title='bbox 93 2353 258 2413; x_wconf 83' lang='lat' dir='ltr'><strong><em>Trimctrou</em></strong></span> <span class='ocrx_word' id='word_1_214' title='bbox 276 2363 304 2414; x_wconf 89' lang='lat' dir='ltr'><strong><em>et</em></strong></span> <span class='ocrx_word' id='word_1_215' title='bbox 324 2355 488 2433; x_wconf 89' lang='lat' dir='ltr'><strong><em>promiscue</em></strong></span> <span class='ocrx_word' id='word_1_216' title='bbox 509 2355 608 2414; x_wconf 88' lang='lat' dir='ltr'><strong><em>dicere</em></strong></span> <span class='ocrx_word' id='word_1_217' title='bbox 628 2355 730 2430; x_wconf 86' lang='lat' dir='ltr'><strong><em>liceat,</em></strong></span> <span class='ocrx_word' id='word_1_218' title='bbox 753 2373 806 2414; x_wconf 91' lang='lat' dir='ltr'><strong><em>sex</em></strong></span> <span class='ocrx_word' id='word_1_219' title='bbox 828 2356 903 2415; x_wconf 88' lang='lat' dir='ltr'><strong><em>enim</em></strong></span> <span class='ocrx_word' id='word_1_220' title='bbox 924 2354 1016 2433; x_wconf 89' lang='lat' dir='ltr'><strong><em>pedes</em></strong></span> <span class='ocrx_word' id='word_1_221' title='bbox 1041 2363 1101 2413; x_wconf 89' lang='lat' dir='ltr'><strong><em>tres</em></strong></span> 
     </span>
     <span class='ocr_line' id='line_1_27' title="bbox 93 2437 1099 2516; baseline -0.002 -19"><span class='ocrx_word' id='word_1_222' title='bbox 93 2440 305 2516; x_wconf 80' lang='lat' dir='ltr'><strong><em>percussiones</em></strong></span> <span class='ocrx_word' id='word_1_223' title='bbox 325 2439 441 2498; x_wconf 90' lang='lat' dir='ltr'><strong><em>habeut.</em></strong></span> <span class='ocrx_word' id='word_1_224' title='bbox 486 2438 571 2498; x_wconf 90' lang='lat' dir='ltr'><strong><em>Peius</em></strong></span> <span class='ocrx_word' id='word_1_225' title='bbox 594 2438 683 2498; x_wconf 90' lang='lat' dir='ltr'><strong><em>cludit</em></strong></span> <span class='ocrx_word' id='word_1_226' title='bbox 703 2439 767 2498; x_wconf 87' lang='lat' dir='ltr'><strong><em>linis</em></strong></span> <span class='ocrx_word' id='word_1_227' title='bbox 785 2438 957 2515; x_wconf 87' lang='lat' dir='ltr'><strong><em>hexametri,</em></strong></span> <span class='ocrx_word' id='word_1_228' title='bbox 984 2447 1015 2497; x_wconf 88' lang='lat' dir='ltr'><strong><em>ut</em></strong></span> <span class='ocrx_word' id='word_1_229' title='bbox 1031 2437 1099 2496; x_wconf 88' lang='lat' dir='ltr'><strong><em>Bru-</em></strong></span> 
     </span>
     <span class='ocr_line' id='line_1_28' title="bbox 94 2520 1101 2602; baseline 0.001 -23"><span class='ocrx_word' id='word_1_230' title='bbox 94 2529 143 2580; x_wconf 89' lang='lat' dir='ltr'><strong><em>tus</em></strong></span> <span class='ocrx_word' id='word_1_231' title='bbox 159 2522 188 2579; x_wconf 89' lang='lat' dir='ltr'><strong><em>iu</em></strong></span> <span class='ocrx_word' id='word_1_232' title='bbox 203 2522 353 2600; x_wconf 89' lang='lat' dir='ltr'><strong><em>epistolis:</em></strong></span> <span class='ocrx_word' id='word_1_233' title='bbox 371 2520 476 2602; x_wconf 80' lang='lat' dir='ltr'><strong><em>Neque</em></strong></span> <span class='ocrx_word' id='word_1_234' title='bbox 490 2523 535 2583; x_wconf 88' lang='lat' dir='ltr'><strong><em>illi</em></strong></span> <span class='ocrx_word' id='word_1_235' title='bbox 549 2525 665 2583; x_wconf 89' lang='lat' dir='ltr'><strong><em>malunt</em></strong></span> <span class='ocrx_word' id='word_1_236' title='bbox 679 2523 793 2584; x_wconf 79' lang='lat' dir='ltr'><strong><em>lralrere</em></strong></span> <span class='ocrx_word' id='word_1_237' title='bbox 806 2531 921 2584; x_wconf 89' lang='lat' dir='ltr'><strong><em>tutores</em></strong></span> <span class='ocrx_word' id='word_1_238' title='bbox 935 2532 987 2582; x_wconf 93' lang='lat' dir='ltr'><strong><em>aut</em></strong></span> <span class='ocrx_word' id='word_1_239' title='bbox 999 2523 1101 2599; x_wconf 78' lang='lat' dir='ltr'><strong><em>defen·</em></strong></span> 
     </span>
     <span class='ocr_line' id='line_1_29' title="bbox 92 2604 1146 2686; baseline 0.003 -20"><span class='ocrx_word' id='word_1_240' title='bbox 92 2623 199 2679; x_wconf 84' lang='lat' dir='ltr'><strong><em>sores,</em></strong></span> <span class='ocrx_word' id='word_1_241' title='bbox 223 2623 397 2686; x_wconf 80' lang='lat' dir='ltr'><strong><em>quanquam</em></strong></span> <span class='ocrx_word' id='word_1_242' title='bbox 413 2607 513 2668; x_wconf 85' lang='lat' dir='ltr'><strong><em>sciunt</em></strong></span> <span class='ocrx_word' id='word_1_243' title='bbox 530 2607 687 2684; x_wconf 80' lang='lat' dir='ltr'><strong><em>placuisse</em></strong></span> <span class='ocrx_word' id='word_1_244' title='bbox 703 2604 821 2668; x_wconf 81' lang='lat' dir='ltr'><strong><em>Catoni.</em></strong></span> <span class='ocrx_word' id='word_1_245' title='bbox 864 2605 910 2665; x_wconf 92' lang='lat' dir='ltr'><strong><em>llli</em></strong></span> <span class='ocrx_word' id='word_1_246' title='bbox 926 2606 1017 2663; x_wconf 90' lang='lat' dir='ltr'><strong><em>miuus</em></strong></span> <span class='ocrx_word' id='word_1_247' title='bbox 1039 2611 1146 2668; x_wconf 82' lang='lat' dir='ltr'><strong><em>suutlti</em></strong></span> 
     </span>
     <span class='ocr_line' id='line_1_30' title="bbox 92 2687 1101 2768; baseline -0.001 -22"><span class='ocrx_word' id='word_1_248' title='bbox 92 2687 257 2765; x_wconf 87' lang='lat' dir='ltr'><strong><em>notabiles,</em></strong></span> <span class='ocrx_word' id='word_1_249' title='bbox 281 2691 345 2768; x_wconf 91' lang='lat' dir='ltr'><strong><em>quia</em></strong></span> <span class='ocrx_word' id='word_1_250' title='bbox 369 2689 426 2749; x_wconf 90' lang='lat' dir='ltr'><strong><em>hoc</em></strong></span> <span class='ocrx_word' id='word_1_251' title='bbox 446 2707 538 2767; x_wconf 82' lang='lat' dir='ltr'><strong><em>genus</em></strong></span> <span class='ocrx_word' id='word_1_252' title='bbox 565 2690 691 2750; x_wconf 89' lang='lat' dir='ltr'><strong><em>sermoni</em></strong></span> <span class='ocrx_word' id='word_1_253' title='bbox 711 2691 870 2767; x_wconf 92' lang='lat' dir='ltr'><strong><em>proximum</em></strong></span> <span class='ocrx_word' id='word_1_254' title='bbox 896 2697 950 2748; x_wconf 90' lang='lat' dir='ltr'><strong><em>est.</em></strong></span> <span class='ocrx_word' id='word_1_255' title='bbox 1000 2687 1101 2765; x_wconf 87' lang='lat' dir='ltr'><strong><em>ltaque</em></strong></span> 
     </span>
     <span class='ocr_line' id='line_1_31' title="bbox 94 2771 1102 2852; baseline -0.003 -20"><span class='ocrx_word' id='word_1_256' title='bbox 94 2781 125 2832; x_wconf 90' lang='lat' dir='ltr'><strong><em>et</em></strong></span> <span class='ocrx_word' id='word_1_257' title='bbox 145 2789 249 2832; x_wconf 87' lang='lat' dir='ltr'><strong><em>versus</em></strong></span> <span class='ocrx_word' id='word_1_258' title='bbox 271 2775 324 2833; x_wconf 90' lang='lat' dir='ltr'><strong><em>toti</em></strong></span> <span class='ocrx_word' id='word_1_259' title='bbox 345 2774 409 2834; x_wconf 85' lang='lat' dir='ltr'><strong><em>iere</em></strong></span> <span class='ocrx_word' id='word_1_260' title='bbox 431 2773 581 2849; x_wconf 87' lang='lat' dir='ltr'><strong><em>excidunt,</em></strong></span> <span class='ocrx_word' id='word_1_261' title='bbox 607 2790 681 2852; x_wconf 89' lang='lat' dir='ltr'><strong><em>quos</em></strong></span> <span class='ocrx_word' id='word_1_262' title='bbox 696 2773 799 2832; x_wconf 88' lang='lat' dir='ltr'><strong><em>Brutus</em></strong></span> <span class='ocrx_word' id='word_1_263' title='bbox 822 2775 887 2850; x_wconf 90' lang='lat' dir='ltr'><strong><em>ipso</em></strong></span> <span class='ocrx_word' id='word_1_264' title='bbox 911 2771 1102 2850; x_wconf 90' lang='lat' dir='ltr'><strong><em>componendi</em></strong></span> 
     </span>
     <span class='ocr_line' id='line_1_32' title="bbox 94 2855 1103 2935; baseline -0.001 -21"><span class='ocrx_word' id='word_1_265' title='bbox 94 2856 199 2915; x_wconf 88' lang='lat' dir='ltr'><strong><em>ductus</em></strong></span> <span class='ocrx_word' id='word_1_266' title='bbox 221 2858 316 2917; x_wconf 90' lang='lat' dir='ltr'><strong><em>studio</em></strong></span> <span class='ocrx_word' id='word_1_267' title='bbox 339 2859 510 2935; x_wconf 89' lang='lat' dir='ltr'><strong><em>saepissime</em></strong></span> <span class='ocrx_word' id='word_1_268' title='bbox 533 2857 617 2932; x_wconf 86' lang='lat' dir='ltr'><strong><em>iacit,</em></strong></span> <span class='ocrx_word' id='word_1_269' title='bbox 639 2872 696 2916; x_wconf 90' lang='lat' dir='ltr'><strong><em>uon</em></strong></span> <span class='ocrx_word' id='word_1_270' title='bbox 710 2873 777 2915; x_wconf 92' lang='lat' dir='ltr'><strong><em>raro</em></strong></span> <span class='ocrx_word' id='word_1_271' title='bbox 795 2856 927 2930; x_wconf 83' lang='lat' dir='ltr'><strong><em>Asinius,</em></strong></span> <span class='ocrx_word' id='word_1_272' title='bbox 949 2855 1103 2914; x_wconf 89' lang='lat' dir='ltr'><strong><em>sedetiam</em></strong></span> 
     </span>
     <span class='ocr_line' id='line_1_33' title="bbox 96 2936 1102 3019; baseline -0.003 -22"><span class='ocrx_word' id='word_1_273' title='bbox 96 2937 204 2998; x_wconf 87' lang='lat' dir='ltr'><strong><em>Cicero</em></strong></span> <span class='ocrx_word' id='word_1_274' title='bbox 220 2957 435 3019; x_wconf 86' lang='lat' dir='ltr'><strong><em>nonnunquam,</em></strong></span> <span class='ocrx_word' id='word_1_275' title='bbox 459 2949 490 3000; x_wconf 91' lang='lat' dir='ltr'><strong><em>ut</em></strong></span> <span class='ocrx_word' id='word_1_276' title='bbox 511 2942 538 3000; x_wconf 92' lang='lat' dir='ltr'><strong><em>iu</em></strong></span> <span class='ocrx_word' id='word_1_277' title='bbox 559 2942 702 3018; x_wconf 90' lang='lat' dir='ltr'><strong><em>principio</em></strong></span> <span class='ocrx_word' id='word_1_278' title='bbox 724 2940 818 2999; x_wconf 88' lang='lat' dir='ltr'><strong><em>statim</em></strong></span> <span class='ocrx_word' id='word_1_279' title='bbox 839 2939 976 2998; x_wconf 90' lang='lat' dir='ltr'><strong><em>orationis</em></strong></span> <span class='ocrx_word' id='word_1_280' title='bbox 999 2941 1027 2997; x_wconf 92' lang='lat' dir='ltr'><strong><em>iu</em></strong></span> <span class='ocrx_word' id='word_1_281' title='bbox 1049 2936 1102 2996; x_wconf 86' lang='lat' dir='ltr'><strong><em>Lu·</em></strong></span> 
     </span>
     <span class='ocr_line' id='line_1_34' title="bbox 96 3022 1103 3102; baseline -0.002 -20"><span class='ocrx_word' id='word_1_282' title='bbox 96 3023 172 3082; x_wconf 92' lang='lat' dir='ltr'><strong><em>cium</em></strong></span> <span class='ocrx_word' id='word_1_283' title='bbox 193 3023 342 3084; x_wconf 89' lang='lat' dir='ltr'><strong><em>Pisonem:</em></strong></span> <span class='ocrx_word' id='word_1_284' title='bbox 369 3024 429 3086; x_wconf 89' lang='lat' dir='ltr'><strong><em>Pro</em></strong></span> <span class='ocrx_word' id='word_1_285' title='bbox 453 3027 497 3085; x_wconf 81' lang='lat' dir='ltr'><strong><em>atr·</em></strong></span> <span class='ocrx_word' id='word_1_286' title='bbox 516 3025 715 3100; x_wconf 88' lang='lat' dir='ltr'><strong><em>immortales,</em></strong></span> <span class='ocrx_word' id='word_1_287' title='bbox 737 3025 806 3102; x_wconf 84' lang='lat' dir='ltr'><strong><em>quis</em></strong></span> <span class='ocrx_word' id='word_1_288' title='bbox 821 3025 871 3084; x_wconf 79' lang='lat' dir='ltr'><strong><em>laic</em></strong></span> <span class='ocrx_word' id='word_1_289' title='bbox 892 3025 992 3084; x_wconf 77' lang='lat' dir='ltr'><strong><em>illumi</em></strong></span> <span class='ocrx_word' id='word_1_290' title='bbox 1015 3022 1103 3084; x_wconf 82' lang='lat' dir='ltr'><strong><em>dies?</em></strong></span> 
     </span>
     <span class='ocr_line' id='line_1_35' title="bbox 98 3105 1146 3186; baseline 0.001 -22"><span class='ocrx_word' id='word_1_291' title='bbox 98 3105 165 3183; x_wconf 79' lang='lat' dir='ltr'><strong><em>Nun</em></strong></span> <span class='ocrx_word' id='word_1_292' title='bbox 179 3107 293 3167; x_wconf 89' lang='lat' dir='ltr'><strong><em>&#39;minore</em></strong></span> <span class='ocrx_word' id='word_1_293' title='bbox 309 3117 403 3168; x_wconf 89' lang='lat' dir='ltr'><strong><em>autem</em></strong></span> <span class='ocrx_word' id='word_1_294' title='bbox 417 3126 483 3168; x_wconf 90' lang='lat' dir='ltr'><strong><em>eura</em></strong></span> <span class='ocrx_word' id='word_1_295' title='bbox 499 3109 642 3168; x_wconf 86' lang='lat' dir='ltr'><strong><em>vitandum</em></strong></span> <span class='ocrx_word' id='word_1_296' title='bbox 656 3117 718 3183; x_wconf 89' lang='lat' dir='ltr'><strong><em>est,</em></strong></span> <span class='ocrx_word' id='word_1_297' title='bbox 736 3107 872 3186; x_wconf 91' lang='lat' dir='ltr'><strong><em>quidquid</em></strong></span> <span class='ocrx_word' id='word_1_298' title='bbox 885 3105 1146 3186; x_wconf 66' lang='lat' dir='ltr'><strong><em>cathecumenus</em></strong></span> 
     </span>
     <span class='ocr_line' id='line_1_36' title="bbox 96 3188 1102 3270; baseline -0.002 -22"><span class='ocrx_word' id='word_1_299' title='bbox 96 3190 185 3267; x_wconf 86' lang='lat' dir='ltr'><strong><em>quale</em></strong></span> <span class='ocrx_word' id='word_1_300' title='bbox 194 3192 270 3268; x_wconf 90' lang='lat' dir='ltr'><strong><em>apud</em></strong></span> <span class='ocrx_word' id='word_1_301' title='bbox 284 3191 466 3251; x_wconf 85' lang='lat' dir='ltr'><strong><em>Sallustium:</em></strong></span> <span class='ocrx_word' id='word_1_302' title='bbox 479 3190 571 3252; x_wconf 81' lang='lat' dir='ltr'><strong><em>Falso</em></strong></span> <span class='ocrx_word' id='word_1_303' title='bbox 581 3194 720 3270; x_wconf 82' lang='lat' dir='ltr'><strong><em>queritur·</em></strong></span> <span class='ocrx_word' id='word_1_304' title='bbox 731 3193 770 3252; x_wconf 89' lang='lat' dir='ltr'><strong><em>de</em></strong></span> <span class='ocrx_word' id='word_1_305' title='bbox 784 3198 897 3252; x_wconf 89' lang='lat' dir='ltr'><strong><em>natura</em></strong></span> <span class='ocrx_word' id='word_1_306' title='bbox 908 3209 975 3250; x_wconf 89' lang='lat' dir='ltr'><strong><em>sua.</em></strong></span> <span class='ocrx_word' id='word_1_307' title='bbox 998 3188 1102 3262; x_wconf 80' lang='lat' dir='ltr'><strong><em>Quam·</em></strong></span> 
     </span>
     <span class='ocr_line' id='line_1_37' title="bbox 94 3270 1103 3350; baseline -0.003 -19"><span class='ocrx_word' id='word_1_308' title='bbox 94 3273 140 3332; x_wconf 83' lang='lat' dir='ltr'><strong><em>vis</em></strong></span> <span class='ocrx_word' id='word_1_309' title='bbox 156 3275 231 3332; x_wconf 89' lang='lat' dir='ltr'><strong><em>enim</em></strong></span> <span class='ocrx_word' id='word_1_310' title='bbox 245 3276 340 3334; x_wconf 88' lang='lat' dir='ltr'><strong><em>vincta</em></strong></span> <span class='ocrx_word' id='word_1_311' title='bbox 356 3277 410 3349; x_wconf 87' lang='lat' dir='ltr'><strong><em>sit,</em></strong></span> <span class='ocrx_word' id='word_1_312' title='bbox 430 3285 524 3334; x_wconf 87' lang='lat' dir='ltr'><strong><em>tamen</em></strong></span> <span class='ocrx_word' id='word_1_313' title='bbox 539 3274 633 3334; x_wconf 90' lang='lat' dir='ltr'><strong><em>soluta</em></strong></span> <span class='ocrx_word' id='word_1_314' title='bbox 648 3275 740 3335; x_wconf 91' lang='lat' dir='ltr'><strong><em>videri</em></strong></span> <span class='ocrx_word' id='word_1_315' title='bbox 755 3274 844 3334; x_wconf 86' lang='lat' dir='ltr'><strong><em>debet</em></strong></span> <span class='ocrx_word' id='word_1_316' title='bbox 866 3275 968 3334; x_wconf 91' lang='lat' dir='ltr'><strong><em>oratio.</em></strong></span> <span class='ocrx_word' id='word_1_317' title='bbox 1014 3270 1103 3350; x_wconf 84' lang='lat' dir='ltr'><strong><em>Atqui</em></strong></span> 
     </span>
     <span class='ocr_line' id='line_1_38' title="bbox 96 3353 1103 3436; baseline -0.004 -21"><span class='ocrx_word' id='word_1_318' title='bbox 96 3353 198 3432; x_wconf 86' lang='lat' dir='ltr'><strong><em>Plato,</em></strong></span> <span class='ocrx_word' id='word_1_319' title='bbox 217 3357 453 3434; x_wconf 77' lang='lat' dir='ltr'><strong><em>diligentissimus</em></strong></span> <span class='ocrx_word' id='word_1_320' title='bbox 469 3359 706 3436; x_wconf 89' lang='lat' dir='ltr'><strong><em>compositionis,</em></strong></span> <span class='ocrx_word' id='word_1_321' title='bbox 722 3359 750 3417; x_wconf 89' lang='lat' dir='ltr'><strong><em>in</em></strong></span> <span class='ocrx_word' id='word_1_322' title='bbox 766 3357 886 3418; x_wconf 83' lang='lat' dir='ltr'><strong><em>Timaeo</em></strong></span> <span class='ocrx_word' id='word_1_323' title='bbox 902 3357 992 3434; x_wconf 89' lang='lat' dir='ltr'><strong><em>prima</em></strong></span> <span class='ocrx_word' id='word_1_324' title='bbox 1008 3355 1103 3414; x_wconf 89' lang='lat' dir='ltr'><strong><em>statim</em></strong></span> 
     </span>
    </p>

    <p class='ocr_par' dir='ltr' id='par_1_6' title="bbox 12 3437 1146 3533">
     <span class='ocr_line' id='line_1_39' title="bbox 12 3437 1146 3533; baseline 0.001 -34"><span class='ocrx_word' id='word_1_325' title='bbox 12 3515 13 3520; x_wconf 8' lang='grc' dir='ltr'>ἵ</span> <span class='ocrx_word' id='word_1_326' title='bbox 95 3447 180 3518; x_wconf 89' lang='lat' dir='ltr'><strong><em>parte</em></strong></span> <span class='ocrx_word' id='word_1_327' title='bbox 195 3442 287 3500; x_wconf 87' lang='lat' dir='ltr'><strong><em>vitare</em></strong></span> <span class='ocrx_word' id='word_1_328' title='bbox 302 3444 356 3502; x_wconf 90' lang='lat' dir='ltr'><strong><em>ista</em></strong></span> <span class='ocrx_word' id='word_1_329' title='bbox 370 3459 426 3502; x_wconf 90' lang='lat' dir='ltr'><strong><em>non</em></strong></span> <span class='ocrx_word' id='word_1_330' title='bbox 442 3443 544 3533; x_wconf 50' lang='lat' dir='ltr'><strong><em>potuit,</em></strong></span> <span class='ocrx_word' id='word_1_331' title='bbox 580 3439 653 3502; x_wconf 89' lang='lat' dir='ltr'><strong><em>Nam</em></strong></span> <span class='ocrx_word' id='word_1_332' title='bbox 668 3451 697 3501; x_wconf 90' lang='lat' dir='ltr'><strong><em>et</em></strong></span> <span class='ocrx_word' id='word_1_333' title='bbox 712 3442 819 3501; x_wconf 88' lang='lat' dir='ltr'><strong><em>initium</em></strong></span> <span class='ocrx_word' id='word_1_334' title='bbox 834 3440 993 3502; x_wconf 84' lang='lat' dir='ltr'><strong><em>hexametri</em></strong></span> <span class='ocrx_word' id='word_1_335' title='bbox 1009 3437 1103 3498; x_wconf 90' lang='lat' dir='ltr'><strong><em>statim</em></strong></span> <span class='ocrx_word' id='word_1_336' title='bbox 1111 3443 1146 3500; x_wconf 82' lang='grc'><strong><em>78</em></strong></span> 
     </span>
    </p>
   </div>
   <div class='ocr_carea' id='block_1_3' title="bbox 0 0 1257 3952">
    <p class='ocr_par' dir='ltr' id='par_1_7' title="bbox 0 0 1257 3952">
     <span class='ocr_line' id='line_1_40' title="bbox 0 0 1257 3952; baseline 0 0"><span class='ocrx_word' id='word_1_337' title='bbox 0 0 1257 3952; x_wconf 95' lang='lat' dir='ltr'><strong><em> </em></strong></span> 
     </span>
    </p>
   </div>
  </div>
 </body>
</html>
