2436 3956
295 245 384 294 msu.
402 236 551 295 onnuon.
569 247 638 294 mn.
659 247 725 312 vn,
740 244 766 295 a.
980 278 982 282 -
1000 227 1062 298 ‘19-

132 397 289 474 Quaestio,
314 397 365 457 dn
386 399 540 476 iecerit,
561 401 660 479 incipit
682 399 842 460 asecuudo
864 408 1008 478 tempore,
1025 401 1094 468 idas

51 491 93 544 est
113 484 262 560 praesenti
278 499 313 542 ac
332 482 436 542 deinde
452 485 623 560 coniuncto,
646 501 766 563 quorum
781 493 848 543 sunt
864 501 970 558 sonus,
994 485 1052 544 cia·

47 583 124 642 mor,
140 567 283 642 gemitum
300 567 477 645 insequentis
496 567 635 642 latitatio,
657 576 767 642 metus,
793 567 906 628 similia.
936 567 987 627 His
1004 587 1051 629 ac·

48 650 154 709 cedunt
169 649 267 734 signa,
284 648 320 710 de
337 649 439 727 quibus
456 658 606 711 tractatum
622 659 681 726 est,
706 650 797 710 verba
814 654 899 711 etiam
917 660 946 711 et
963 651 1050 727 iacta,
1120 715 1122 728 ,

47 750 181 810 quaeque
197 741 417 792 antecesserunt
432 751 565 813 quaeque
584 735 715 794 insecuta
731 743 805 792 sunt.
841 734 922 794 Haec
938 743 986 794 aut
1002 744 1094 800 nodi

47 825 108 875 stra
132 824 198 874 sunt
221 825 269 876 aut
291 816 394 876 aliana.
432 816 491 878 Sed
509 816 599 876 verba
620 817 704 876 nobis
725 819 816 894 magis
836 826 943 877 nocent
960 820 1051 878 minus

45 907 169 979 prosunt
190 908 289 960 nostra
307 917 391 978 quarn
413 901 521 968 aliena:
545 902 637 977 magis
658 910 779 979 prosunt
796 909 825 960 et
839 903 930 961 minus
946 911 1053 961 nocent

46 983 141 1048 aliena
176 999 259 1058 quam
288 991 396 1043 nostra.
427 983 515 1044 Facta
550 993 644 1044 autem
677 985 789 1043 interim
814 985 905 1061 magis
932 994 1053 1063 prosunt

45 1074 163 1138 nostra,
179 1066 292 1124 interim
303 1066 412 1140 aliena,
429 1077 459 1126 ut
475 1070 499 1126 si
514 1067 598 1146 qnid,
619 1068 695 1144 quod
711 1084 765 1146 pro
781 1067 864 1126 nohis
880 1069 932 1144 sit,
950 1069 1051 1128 adver·

45 1150 140 1210 sarius
155 1149 240 1216 iecit;
264 1166 380 1227 semper
395 1167 467 1208 vero
490 1152 581 1226 magis
602 1159 709 1210 nocent
728 1159 826 1210 nostra
842 1169 926 1228 quam
946 1152 1050 1211 aliena.
1172 1195 1189 1230 ·,

44 1231 100 1292 Est
121 1239 151 1291 et
171 1231 221 1292 iila
241 1233 270 1292 in
293 1231 391 1290 verhis
414 1233 591 1308 differentia,
615 1233 701 1311 qnod·
719 1242 767 1294 aut
789 1243 889 1312 aperta
911 1245 975 1294 sunt
1003 1243 1094 1298 aut48

45 1315 142 1376 dubia.
179 1315 238 1374 Scn
262 1325 361 1375 nostra
385 1333 437 1374 seu
460 1317 554 1376 aliena
576 1327 656 1376 sunt:
678 1318 837 1377 infirmiore
854 1319 883 1376 in
900 1327 1051 1396 utrumque

45 1400 103 1457 sint
118 1414 243 1458 necesse
264 1398 363 1466 dubia;
381 1407 476 1458 tamen
498 1409 596 1458 nostra
619 1418 710 1479 saepe
731 1400 816 1461 uobis
832 1410 954 1478 nocent,
970 1411 1000 1460 ut
1023 1403 1052 1461 iu

45 1481 95 1542 illa
113 1484 328 1543 controversia:
345 1479 560 1561 interopatos
573 1484 671 1560 fitius,
686 1486 740 1546 ubi
751 1492 830 1546 esset
840 1493 943 1563 poter,
961 1487 1050 1562 dicit,

48 1565 226 1642 Ubicunque
242 1575 303 1642 est,
323 1567 415 1635 aicit·
429 1575 462 1628 at
474 1567 526 1628 ttte
539 1568 571 1627 io
586 1576 676 1645 puteo
691 1576 827 1629 mortuas
842 1577 887 1629 est
900 1569 1050 1630 innectus.

46 1647 166 1723 Aliena,
191 1666 267 1727 quae
289 1659 355 1709 sunt
378 1650 481 1726 dubia,
502 1663 644 1728 nunquam
665 1660 787 1727 possunt
807 1669 916 1712 nocere
932 1653 986 1711 nisi
1004 1660 1129 1716 auito-u
1216 1695 1217 1698 =

48 1732 158 1789 incerto
173 1740 293 1792 auctore
314 1741 363 1792 aut
382 1741 505 1793 mortuo.
542 1732 638 1796 Nocte
653 1734 762 1794 audite
778 1753 838 1795 noc
853 1744 914 1811 est,
939 1733 1051 1798 Cavete

45 1816 238 1893 tyrannidem
243 1839 258 1886 ,·
287 1824 334 1891 et,
359 1814 588 1894 Interroqatus,
617 1818 705 1877 euius
730 1835 844 1878 oeneuo
869 1827 1049 1894 moreretur,

43 1899 221 1976 respondit,
241 1897 309 1960 Non
331 1900 455 1979 expedit
474 1900 529 1961 tibi
547 1902 639 1960 scire.
671 1898 744 1960 Nam
764 1901 789 1958 si
804 1909 865 1975 est,
889 1901 938 1979 qui
958 1903 1051 1979 possit

1 2055 2 2058 Ἴ
43 1982 236 2058 interrogari,
258 1981 355 2042 solvet
380 1982 602 2059 ambiguitatem.
651 1980 721 2042 Cum
745 1992 839 2042 autem
862 1983 938 2044 dicta
960 1984 1093 2048 tacta-so

45 2081 103 2143 que
125 2073 224 2124 nostra
253 2065 369 2125 defendi
396 2066 462 2125 solo
484 2065 577 2126 auimo
600 2066 728 2144 possint,
755 2065 848 2126 aliena
870 2068 949 2128 varie
971 2067 1049 2127 reiu-

46 2157 153 2208 tantur.
455 2191 457 2193 -

129 2231 174 2290 De
190 2248 246 2290 uno
271 2233 387 2310 quidem
408 2234 531 2292 maximo
547 2250 658 2310 genere
680 2233 915 2293 coniecturalium
935 2241 1050 2293 contro-

42 2316 205 2374 versiarum
220 2314 310 2393 locuti
325 2316 470 2392 videmur,
499 2325 528 2376 et
548 2317 576 2374 in
594 2332 694 2376 omnes
716 2315 824 2394 aliquid
846 2335 883 2374 ex
900 2316 944 2375 his
963 2315 1049 2376 cadit.

40 2396 117 2457 Nam
134 2397 217 2474 furti,
234 2399 378 2477 depositi,
391 2399 519 2460 creditae
535 2401 676 2477 pecuniae
693 2409 749 2460 eta
763 2398 947 2460 facultatibus
964 2417 1048 2476 argu·

1 2547 2 2550 Ἴ
41 2491 140 2542 menta
154 2483 287 2558 ueniunt,
311 2481 357 2542 dn
378 2483 479 2558 inerit,
501 2483 578 2562 quod
594 2484 804 2562 deponeretur;
824 2492 853 2542 et
869 2501 885 2542 a
901 2484 1048 2561 personis,

42 2565 90 2624 An
106 2565 197 2626 uliurn
219 2566 393 2645 deposuisse
409 2566 484 2645 apud
503 2567 594 2642 bunc,
617 2565 665 2626 uel
680 2566 756 2626 huuc
777 2566 936 2626 credidisse
956 2566 1048 2624 credi-

40 2648 103 2709 bile
120 2651 172 2717 sit;
189 2667 225 2710 an
239 2651 395 2728 petitorem
416 2651 597 2726 calumniari,
621 2668 657 2710 au
674 2668 755 2708 reurn
770 2649 953 2708 infitiatorem
969 2665 1048 2724 esse,

1 2735 2 2738 ’
39 2733 92 2793 vel
109 2733 212 2793 iurem.
254 2733 313 2794 Sed
335 2735 421 2794 etiam
441 2736 469 2794 in
484 2735 551 2795 iurti
572 2751 624 2794 reo
641 2733 716 2793 sicut
736 2734 764 2792 in
786 2732 883 2792 caedis
902 2733 1089 2810 quaeriturbl

1 2815 2 2826 ’
40 2817 80 2878 de
97 2817 177 2877 iacto
194 2817 276 2877 etde
292 2827 421 2878 auctore.
460 2815 569 2878 Grediti
585 2827 616 2876 et
630 2817 756 2896 depositi
771 2816 844 2876 duae
861 2817 1048 2894 quaestiones

41 2901 96 2961 sed
114 2918 257 2980 uunquam
272 2903 404 2977 iunctae,
428 2901 475 2961 du
491 2901 585 2962 datum
607 2903 663 2974 sit,
682 2899 728 2959 dn
749 2899 900 2961 redditum.
934 2897 1049 2959 Habent

1 2991 2 3058 ζ
39 2985 152 3063 aliquid
178 2985 288 3063 proprii
314 2985 448 3045 adulterii
474 3003 595 3060 causae,
622 2984 700 3062 quod
725 2984 895 3062 plerumque
928 2982 1048 3042 duorum

40 3068 201 3128 discrimen
218 3076 308 3128 estet
324 3069 360 3128 dc
375 3071 523 3147 utriusque
540 3070 598 3128 vita
613 3067 775 3135 dicendum;
795 3082 956 3145 quanquam
974 3074 1002 3125 et
1018 3065 1047 3125 id

39 3153 208 3232 quaeritur,
229 3169 266 3213 an
280 3161 432 3231 utmmque
447 3153 556 3230 pariter
575 3151 692 3211 defendi
712 3158 857 3230 oporteat.
895 3146 983 3208 Cuius
1000 3148 1048 3206 'rei

40 3235 197 3297 consilium
213 3245 349 3297 nascetur
370 3253 520 3296 excausa.
554 3233 626 3295 Nam
646 3235 671 3295 si
690 3232 837 3295 adiuvabit
857 3249 924 3311 pars
945 3231 1047 3307 altera,

42 3320 231 3397 coniungam
247 3321 272 3380 si
285 3319 424 3397 nocebit,
439 3318 594 3398 separabo.
623 3316 668 3379 Ne
685 3319 749 3396 quis
769 3325 863 3378 autem
878 3315 945 3374 mihi
967 3317 1091 3391 putetbt

42 3411 155 3464 temere
172 3403 333 3480 excidisse,
350 3404 428 3482 quod
443 3403 614 3483 plemmque
629 3403 749 3463 duorum
762 3401 869 3460 crimen
885 3415 952 3457 esse
967 3394 1066 3456 adul·-

41 3488 165 3565 terium,
181 3504 239 3548 nou
251 3505 382 3567 semper,
398 3487 534 3548 dixerim:
551 3494 650 3566 potest
664 3485 795 3547 accusari
807 3483 874 3624 solq
881 3479 989 3603 pnulier
1004 3479 1046 3540 iu·
