2444 3972
327 184 417 234 msc.
431 183 580 232 onnron.
592 184 663 232 mn.
675 184 716 246 11,
728 180 756 234 4.
998 171 1038 232 67

31 343 161 408 ¹claros
193 343 293 402 viros
324 350 354 401 et
382 341 604 417 vituperare
636 339 844 417 improbos,
876 339 953 419 quod
982 357 1040 400 non

43 427 174 506 simplicis
196 426 325 487 utilitatis
345 441 419 503 opus
439 433 493 482 est.
526 421 658 502 Namque
678 432 710 482 et
722 424 868 501 ingenium
884 434 1040 486 exercetur

31 510 185 589 inultiplici
206 511 345 588 variaque
363 510 499 584 materia,
525 517 553 568 et
572 508 681 567 animus
703 508 948 588 contemplatione
965 511 1039 571 recti

31 591 174 674 'pravique
198 594 356 668 formatur,
381 601 410 652 et
426 591 516 652 multa
534 591 601 652 iude
624 593 753 668 cognitio
771 611 868 653 rerum
885 595 983 671 venit,
1010 603 1040 654 et

31 679 193 757 exemplis,
223 695 298 755 quae
320 685 385 737 sunt
407 677 442 740 ¹in
472 677 547 735 omni
577 694 688 754 genere
718 695 870 738 causarum
898 680 1039 757 potentis·

41 764 118 836 eina,
146 762 204 822 iam
226 771 286 822 turn
315 761 480 835 instruitur,
509 779 573 820 cum
595 778 644 821 res
669 771 792 839 poscet,
820 780 932 822 usurus.
966 763 1082 830 Hinccr
1165 770 1169 836 'j

31 839 86 906 'illa
102 863 221 924 quoquc
236 845 408 906 exercitatio
423 844 500 904 subit
520 845 831 922 comparationis,
856 855 921 904 uter
933 847 1040 906 melior

31 931 133 990 'uterve
157 930 303 997 deletion
328 946 403 1008 quae
427 946 590 1008 quanquam
611 937 745 989 versatur
763 931 791 988 in
811 931 925 991 ratione
942 929 1039 1008 simili,

48 1019 129 1072 lunen
156 1023 186 1074 et
214 1013 345 1092 duplicat
370 1013 520 1074 materiam
544 1023 574 1073 et
601 1014 738 1072 virtutum
759 1016 954 1094 vitiorumque
982 1032 1040 1074 non

46 1103 140 1157 tantum
156 1107 289 1158 naturam
307 1097 360 1157 sed
381 1098 466 1156 etiam
484 1097 599 1157 modum
614 1105 728 1156 tractat.
757 1097 866 1158 Verum
884 1099 922 1162 dc
940 1099 1040 1159 ordine

32 1177 126 1260 ¹laudis
150 1191 330 1260 contraque,
351 1183 485 1260 quoniam
503 1183 588 1241 tertia
605 1181 681 1242 haec
703 1179 867 1241 rhetorices
891 1201 960 1261 pars
983 1191 1039 1257 est,

31 1266 248 1343 rpraecipiemus
270 1281 323 1326 suo
346 1274 488 1344 tempore.
851 1283 853 1290 ’

31 1337 35 1422 l
119 1345 334 1410 Communes
357 1348 432 1410 loci
455 1349 507 1428 (de
529 1349 574 1414 his
599 1349 722 1428 loquor,
747 1348 850 1428 quibus
875 1351 947 1412 citro
972 1366 1082 1427 per-22
1179 1351 1185 1418 ι’,

31 1423 122 1552 pronas
144 1433 171 1492 in
192 1435 260 1513 ipsa
285 1433 354 1493 vitia
378 1433 466 1492 moris
496 1443 541 1493 est
561 1450 721 1512 perorare,
748 1442 779 1493 nt
800 1434 834 1493 in
855 1435 1039 1509 adulterum,
1183 1433 1185 1440 '

33 1589 34 1594 γ
53 1515 216 1595 chaterun,
235 1517 439 1598 petulantem)
460 1533 498 1582 ex
514 1517 616 1577 mediis
634 1526 700 1576 sunt
717 1517 829 1578 iudiciis
848 1528 892 1594 et,
916 1518 941 1576 si
959 1534 1041 1577 reum

31 1595 168 1698 peliicias,
193 1602 415 1669 accusationes;
440 1619 603 1681 quanquam
623 1600 651 1662 lri
675 1617 792 1681 quoque
815 1601 850 1662 ab
875 1602 926 1662 illo
951 1619 1040 1680 gene·

32 1701 33 1722 ι
58 1679 100 1740 rali
115 1693 237 1746 tractatu
263 1684 299 1746 ad
324 1685 462 1764 quosdam
484 1685 589 1746 deduci
613 1687 730 1764 species
752 1686 865 1764 solent,
888 1694 920 1745 ut
940 1686 965 1745 si
988 1702 1040 1763 po·

32 1768 1083 1932 rtltttlttldttndttdtttttntdtlttt'ttlit,
1108 1886 1153 1902 ...

58 1929 160 1998 neuun
183 1946 212 1997 ct
237 1955 303 2018 pro
326 1955 432 1999 cruore
453 1937 592 2014 dicimus,
616 1947 646 1998 ct
663 1937 730 1998 lcno
750 1937 863 1998 interim
883 1939 1040 2016 parasitus-

58 2030 102 2092 que
115 2017 275 2083 defenditur
292 2022 352 2098 sic,
371 2030 475 2082 utnon
492 2021 601 2081 homini
618 2022 834 2100 patrocinemur
849 2022 902 2084 sed
919 2023 1039 2082 crimini.

123 2101 262 2166 Theseo
288 2113 400 2182 autern,
431 2123 506 2186 quac
535 2115 683 2166 sumuntur
706 2124 744 2166 ex
766 2125 862 2166 rerum
891 2123 1084 2185 compara-24

59 2179 135 2262 tione,
155 2197 185 2248 ut
202 2191 363 2252 rusticane
382 2191 448 2251 cito
468 2209 510 2252 nn
531 2191 654 2252 urbano
671 2191 788 2267 polium
808 2191 979 2268 iurisperiti
1000 2207 1043 2248 un

60 2268 177 2332 ultrane
197 2275 261 2334 oiri
281 2274 352 2335 laus
372 2275 489 2346 maior,
511 2275 583 2334 mire
601 2283 667 2333 sunt
688 2272 723 2333 ad
743 2274 982 2333 exercitationem
1000 2273 1041 2331 di·

62 2351 126 2412 nult
148 2358 304 2434 speciosae
327 2366 414 2435 atque
436 2357 561 2434 uberes,
586 2375 661 2438 quae
683 2357 732 2418 vel
755 2357 791 2416 ad
815 2357 953 2420 suadendi
978 2355 1041 2416 oili·

64 2433 1042 2520 mmmwffimfflmmfflmffi

37 2531 40 2606 p
62 2529 127 2578 uun.
158 2521 231 2586 Nam
249 2525 398 2604 posterior
416 2544 454 2586 ex
473 2524 632 2605 praedictis
649 2525 733 2586 locus
752 2527 780 2584 in
798 2543 886 2585 causa
903 2524 1042 2584 Murenae

38 2609 41 2681 l
65 2602 278 2678 copiosissimus
296 2607 440 2670 Cicerone
458 2618 606 2671 tractatur.
630 2610 749 2670 suntet
767 2608 835 2670 illae
852 2627 947 2688 paene
962 2612 1085 2679 totae'ns

39 2699 44 2780 p
65 2680 91 2740 td
107 2684 318 2754 deliberativum
339 2694 519 2771 pertinentes
539 2711 649 2772 genus,
673 2695 857 2756 ducendane
877 2711 968 2770 ustor,
990 2711 1043 2770 pe·

40 2770 163 2892 {lendino
180 2778 243 2838 rint
262 2779 472 2858 mnqietrotue.
506 2776 637 2857 Namque
666 2785 696 2837 et
719 2777 775 2838 hae
797 2779 932 2855 personis
955 2775 1041 2836 modo

68 2847 448 2922 mmmmm
1038 2923 1041 2928 ,

69 2939 1085 3024 ,ὼὼωωψωωωωώωωηππ

68 3022 165 3082 ¹ttundo
183 3039 296 3104 ¹genere
321 3031 537 3090 exercitationis
558 3042 739 3109 praeparare
762 3047 815 3090 nos
839 3028 1042 3090 coniecturali·

68 3091 1042 3193 mmmmmmmmmfflmffimmwm-

69 3197 100 3242 nn
147 3197 229 3270 opud
239 3195 502 3261 Lacedaemonios
517 3196 634 3275 Vnus,
654 3207 684 3258 et
702 3196 844 3272 Ouddita
862 3199 1044 3261 crederetur

71 3259 101 3360 ς’(
132 3275 165 3335 do
176 3296 254 3355 puer
267 3290 359 3360 utque
374 3285 499 3346 volucer
515 3290 543 3344 et
557 3284 678 3362 eupittir
693 3301 733 3344 nc
746 3285 819 3362 sace
834 3288 989 3355 armatus,
1014 3287 1045 3338 et

90 3362 1045 3443 tmfflmmmmmmmmm

81 3445 102 3492 Ἰ01
163 3441 295 3524 frequens
311 3451 443 3529 quaestio
457 3461 511 3521 est,
525 3451 602 3529 quod
613 3469 706 3529 genus
720 3450 818 3512 chriae
829 3449 922 3595 ribdpri
934 3456 1043 3529 potest.
