2436 3956
301 225 769 293 rnen.onnnon.n1n.v11‚1o.
988 219 1028 288 lt

46 380 178 460 deprime
205 373 372 457 quaestione
403 379 567 439 dicendum:
593 382 719 458 passim,
751 391 780 440 et
800 391 831 442 ut
855 383 980 461 quidque
1001 386 1030 444 in

44 473 154 523 mentem
168 463 280 538 veniet,
296 464 459 537 miscuerit,
475 479 534 523 non
548 466 668 542 primurn
682 466 711 522 in
726 482 760 541 ea
775 467 874 525 scierit
890 485 956 525 esse
971 477 1028 527 tra·

44 547 178 621 ctandum,
193 545 300 605 Verbis
312 546 409 623 legum
420 547 549 606 standum
562 549 598 606 sit
613 565 648 606 an
659 547 823 616 uoluntate;
844 548 925 608 buius
937 551 1055 628 ipsinst

41 629 190 708 particulae
204 628 321 706 aliquod
335 630 442 688 initium
458 629 577 706 iecerit,
596 629 699 691 deinde
712 633 843 709 proxima
854 631 1028 692 subnectens

42 714 168 772 struxerit
185 714 360 788 orationem,
383 719 414 772 nt
430 730 497 791 pars
515 713 637 774 bominis
659 722 704 773 est
719 732 836 790 manus,
859 709 920 775 eius
937 716 1028 792 digiti,

42 795 145 856 illorum
173 813 289 874 quoque
316 796 438 856 articuli.
480 795 544 856 lloc
570 805 630 872 est,
658 797 739 875 quod
763 799 889 876 scriptor
913 797 1029 858 demon-

18 897 19 904 *
41 887 124 939 strare
142 897 199 939 nou
220 881 327 958 possit,
352 881 406 939 nisi
423 889 502 940 certa
524 879 699 959 definitaque
713 882 841 941 materia.
881 880 941 941 Sed
960 879 1061 959 quid8

18 1001 20 1006 ·
41 979 90 1022 una
109 963 194 1023 faciet
216 972 264 1023 ant
286 963 394 1039 altera,
414 965 482 1041 quin
503 965 587 1023 immo
611 973 724 1024 centum
746 981 780 1024 ac
795 964 874 1024 mille
894 966 923 1024 in
939 982 972 1023 re
988 966 1030 1022 in·

18 1043 131 1105 'linital
171 1046 374 1125 Praeceptoris
396 1056 456 1122 est,
482 1049 510 1107 in
531 1047 587 1107 alio
612 1056 698 1126 atque
715 1048 772 1108 alio
792 1065 903 1125 genere
924 1047 1031 1107 cotidie

41 1128 202 1206 ostendere,
226 1131 290 1207 quis
305 1129 377 1189 ordo
394 1131 430 1188 sit
450 1148 545 1189 rerum
560 1139 589 1189 et
605 1148 679 1208 quac
695 1131 859 1209 copulatio,
881 1140 912 1190 ut
931 1130 1030 1209 paule·

42 1213 85 1272 tim
101 1212 146 1272 liat
162 1231 229 1272 usus
246 1221 275 1272 et
289 1213 325 1272 ad
340 1213 443 1273 similia
458 1215 603 1273 transitus.
639 1213 725 1275 Tradi
740 1215 814 1273 enirn
830 1215 938 1288 omnia,
956 1231 1030 1290 quae

43 1312 84 1354 ars
105 1296 205 1366 elficit,
226 1314 285 1355 non
304 1305 435 1374 possunt.
475 1295 639 1374 ¹Numquis
661 1297 756 1374 pictor
777 1297 886 1372 omnia,
910 1313 984 1374 quac
1002 1298 1060 1357 in9

43 1395 127 1438 rernm
146 1388 245 1439 natura
266 1389 347 1454 sunt,
373 1379 541 1438 adumbrare
563 1375 681 1442 didicit?
707 1381 760 1456 sed
779 1388 921 1458 percepta
940 1378 1031 1439 semel

18 1531 20 1544 γ
43 1461 153 1522 imitandi
170 1465 282 1523 ratione
304 1462 494 1537 assimulabit,
518 1464 654 1541 quidquid
673 1465 831 1542 acceperit.
881 1463 953 1537 Quis
975 1480 1031 1523 non

18 1557 23 1566 '
44 1543 116 1605 laben
129 1547 277 1607 vasculum
293 1546 424 1623 aliquod,
443 1545 528 1623 quale
544 1564 684 1625 nunquam
699 1547 825 1623 viderat,
845 1543 936 1606 iecit?

18 1643 19 1646 ’
117 1628 261 1702 Quaedam
272 1646 344 1688 veno
355 1646 413 1688 non
428 1629 591 1688 docentium
603 1639 668 1688 sunt
679 1630 732 1690 sed
745 1631 924 1691 discentium.
959 1627 1032 1688 Nam
1040 1638 1076 1690 lo
1105 1649 1117 1680 r

47 1711 173 1789 medicus,
201 1712 272 1791 quid
291 1713 320 1771 in
340 1729 456 1791 quoqne
477 1712 649 1773 valetudinis
670 1731 781 1789 genere
801 1712 963 1772 iaciendum
983 1714 1030 1786 sit,

48 1793 104 1869 quid
120 1796 279 1875 quibusque
301 1797 390 1872 signis
411 1795 637 1873 providendum,
662 1795 793 1862 docebit;
815 1797 872 1854 uirn
890 1794 1032 1854 sentiendi

47 1876 132 1952 pulsus
153 1897 307 1955 venarum,
338 1878 446 1938 coloris
468 1878 588 1952 modos,
616 1879 734 1954 spiritus
758 1887 895 1953 meatum,
926 1877 1031 1936 caloris

45 1958 202 2039 distantiam,
220 1980 297 2042 quae
312 1979 363 2021 sua
376 1962 515 2038 cuiusque
528 1970 593 2020 sunt
608 1961 728 2037 ingenii,
747 1977 804 2019 non
816 1959 902 2020 dabit.
934 1959 1032 2033 Quare

46 2041 151 2117 plurima
170 2055 303 2124 petamus
326 2063 342 2104 3
358 2044 443 2104 nobis
461 2054 490 2103 et
506 2062 569 2104 cnm
591 2045 686 2104 causis
704 2043 898 2103 deliberemus
920 2045 1031 2120 cogite-

19 2205 20 2208 ,
45 2139 167 2205 musque,
187 2129 319 2191 homines
341 2137 407 2187 ante
423 2129 568 2204 invenisse
584 2136 674 2186 artem
696 2144 779 2204 quam
797 2127 944 2186 docuisse.
979 2124 1072 2185 111311

19 2265 20 2270 ,
46 2209 110 2269 eninr
124 2214 323 2288 potentissima
339 2219 401 2286 est,
427 2229 560 2290 quaeque
575 2228 646 2270 vere
664 2209 767 2288 dicitnr
783 2210 973 2269 oeconomica
989 2217 1032 2267 to·

47 2290 95 2350 tius
116 2312 216 2355 causae
236 2295 408 2374 dispositio,
430 2312 504 2372 qnae
526 2293 707 2353 nullomodo
728 2293 863 2352 constitui
878 2292 933 2351 nisi
952 2290 1033 2350 velut

44 2372 70 2432 in
89 2394 117 2436 re
143 2387 298 2456 praesente
325 2387 438 2456 potest:
463 2376 512 2437 nbi
534 2377 734 2438 assumendum
759 2375 954 2454 prooemium,
985 2374 1032 2432 ubi

49 2459 230 2528 omittendum:
257 2461 305 2521 nbi
321 2462 456 2522 utendum
472 2461 656 2539 expositione
671 2463 821 2534 continua,
844 2457 892 2518 nbi
907 2457 1030 2536 partita:

18 2593 20 2614 ,
48 2539 88 2599 ubi
107 2543 139 2602 ab
157 2546 242 2606 initiis
265 2545 472 2623 incipiendum,
496 2543 544 2604 ubi
566 2559 647 2602 more
664 2542 853 2603 llomericoe
868 2540 969 2601 mediis
984 2541 1032 2599 vel

18 2629 19 2648 ¹
48 2622 155 2696 ultimis;
190 2629 238 2688 nbi
265 2630 378 2688 omnino
406 2645 462 2688 non
489 2628 703 2706 exponendum
736 2625 850 2703 qnando
875 2641 890 2684 3
915 2623 1033 2698 nostris,
1044 2631 1078 2682 11

18 2737 19 2742 κ
50 2709 148 2782 qnando
164 2711 198 2771 ab
215 2713 444 2772 aduersariorum
456 2708 702 2789 propositionibus
717 2710 903 2786 incipiamus,
919 2706 1033 2783 quando

49 2789 230 2855 ainnissirnis
245 2793 481 2874 probationibus,
494 2793 606 2872 qnando
618 2811 635 2852 3
647 2791 819 2858 levioribus;
837 2806 892 2869 qna
906 2789 936 2847 in
947 2805 1034 2847 causa

50 2878 258 2952 praeponendae
270 2878 426 2956 prooemiis
439 2879 636 2956 quaestiones,
650 2893 704 2954 qua
717 2873 938 2954 praeparatione
950 2888 1033 2950 prae·

49 2959 216 3029 muniendae;
234 2961 301 3041 qnid
313 2961 415 3022 iudicis
430 2962 538 3020 animus
553 2961 689 3037 accipere
702 2959 794 3036 possit
809 2956 902 3016 statim
917 2955 1034 3028 dictum,
1143 2974 1146 2991 ³

51 3052 99 3112 (tto
116 3042 247 3118 paulatim
267 3043 465 3109 deducendus:
492 3043 613 3120 singulis
637 3059 673 3101 an
692 3041 835 3100 universis
861 3037 1035 3117 opponenda

50 3120 184 3194 relntatl03
210 3128 378 3188 reservandi
393 3127 571 3205 perorationi
589 3144 624 3185 an
640 3142 694 3203 per
714 3133 802 3184 totam
821 3124 964 3182 actionem
982 3119 1034 3178 dii·

50 3200 171 3267 tundendi
195 3209 331 3279 allectus;
358 3211 395 3270 de
417 3211 479 3268 inre
493 3211 572 3288 prius
593 3227 629 3269 an
650 3209 686 3268 de
707 3209 853 3287 aequitate
869 3203 1034 3269 dicendnnm

51 3294 168 3352 anteacta
189 3295 305 3354 crimina
328 3313 379 3369 an,
403 3294 439 3355 de
455 3293 557 3371 quibus
573 3291 706 3351 indicium
718 3285 783 3366 est,
807 3291 886 3368 prins
906 3287 1035 3346 obiicere

51 3367 91 3427 rel
105 3371 212 3435 diluere
227 3379 393 3447 conveniat;
417 3378 442 3436 si
459 3375 634 3454 multiplices
651 3392 756 3435 causae
772 3381 871 3447 erunt,
888 3372 951 3448 quin
963 3368 1035 3427 ordo
1045 3375 1078 3428 13

52 3447 202 3536 faciendus,
233 3477 306 3538 quae
331 3461 493 3521 testimonia
520 3458 675 3519 tabulaeve
702 3457 841 3534 cuiusque
865 3453 981 3532 generis
1007 3451 1036 3509 in
