2470 3962
192 221 252 282 244
497 233 533 280 m.
549 231 628 279 aaa.
644 229 863 290 autumnum

192 387 349 467 etquidem
364 401 563 464 nonnunquam
578 383 737 445 levioribus
754 384 864 442 causis:
881 391 910 441 ut
925 383 954 441 in
968 385 1072 463 pueris
1088 397 1185 466 aegro·

192 469 316 532 tautibns
340 470 468 529 utilitatis
494 485 592 528 eorum
614 469 707 545 gratia
731 466 819 526 multa
844 465 994 544 fingimus,
1023 470 1114 530 multa
1135 487 1186 531 nou

149 555 292 620 astacum
304 554 512 632 promittimus;
534 551 639 613 nedum
664 552 688 609 si
709 549 746 609 ab
763 549 877 609 bomine
893 550 1059 612 coemendo
1077 571 1186 630 grassa·

191 648 237 698 tor
262 636 435 698 avertendus
459 637 495 695 sit
520 645 568 695 aut
588 635 680 694 bostis
702 649 755 711 pro
778 633 870 692 saluta
899 635 1011 712 patriae
1030 635 1186 700 fallendos:

190 732 220 782 ut
237 721 304 796 hoc,
321 720 399 800 quod
415 720 487 779 alias
503 719 532 778 in
547 719 641 778 servis
655 733 773 796 quoque
788 716 1063 794 reprehendendum
1080 729 1140 797 est,
1155 723 1188 780 ait

192 806 263 866 alias
278 805 307 863 in
322 805 386 884 ipso
403 804 534 881 sapiente
550 801 729 862 laudandum.
757 798 789 859 ld
805 801 830 859 si
846 803 1018 878 constiterit,
1032 803 1123 864 multa
1138 807 1187 864 iam

190 889 277 948 video
294 903 383 966 posse
400 887 529 962 evenire,
546 893 668 964 propter
682 901 757 963 quae
772 891 871 942 orator
885 883 962 945 bene
978 889 1121 966 suscipiat
1135 888 1187 948 tale

192 987 297 1032 causae
312 987 421 1046 genus,
441 970 527 1049 quale
542 976 654 1028 remota
670 968 782 1026 ratione
801 966 923 1028 honesta
937 979 997 1028 nou
1014 973 1188 1049 recepisset.

149 1053 254 1120 aoNec
270 1053 327 1112 boc
342 1054 419 1127 dico,
436 1055 502 1130 quia
519 1053 687 1112 severiores
702 1055 785 1128 seqoi
800 1049 898 1128 placet
913 1051 1009 1128 leges,
1026 1069 1082 1132 pro
1099 1064 1187 1132 patre,

191 1139 296 1211 iratre,
322 1138 415 1196 amico
436 1134 681 1214 periclitantibum
709 1134 821 1193 tametsi
844 1148 902 1193 uon
922 1135 1080 1197 mediocris
1099 1137 1189 1198 baasi·

191 1222 262 1280 tatio
278 1227 334 1292 est,
350 1219 416 1279 binc
431 1220 554 1279 iustitiae
570 1215 721 1298 proposita
735 1218 859 1294 imagine
875 1219 942 1278 inde
958 1220 1088 1298 pietatis.
1116 1220 1189 1280 Nihil

192 1303 269 1364 dubii
293 1302 499 1382 relinquamus.
534 1303 577 1361 Sit
597 1301 702 1380 aliquis
725 1300 872 1360 insidiatus
900 1309 1021 1376 tyranno
1046 1312 1135 1382 atque
1155 1303 1189 1364 ob

191 1388 219 1447 id
234 1401 318 1446 reus:
346 1394 475 1445 utrumne
498 1385 607 1445 salvum
625 1401 689 1444 eum
710 1382 791 1444 nolet
811 1385 853 1459 is,
877 1386 925 1463 qai
946 1385 1065 1446 anobis
1089 1388 1188 1460 linitur,

192 1468 310 1530 oratori
339 1487 390 1544 an,
407 1471 431 1527 si
447 1469 581 1529 tuendum
599 1469 778 1546 susceperit,
797 1483 854 1526 non
870 1476 926 1527 tam
943 1469 1026 1528 ialsis
1042 1469 1189 1543 defendat,

148 1560 181 1614 41
191 1556 274 1632 quam
290 1552 339 1631 qui
356 1550 431 1628 apud
448 1550 559 1611 iudicas
573 1552 676 1611 malam
697 1565 812 1610 causam
826 1548 941 1611 tuotarr‘l
971 1551 1048 1625 Quid
1064 1555 1089 1612 si
1106 1571 1191 1633 qnae·

191 1636 256 1696 dam
271 1635 347 1694 bene
363 1634 440 1717 iacta
457 1633 639 1695 damnaturus
655 1643 700 1694 est
714 1633 818 1709 iudex,
834 1635 889 1693 nisi
904 1653 940 1696 ea
956 1649 1015 1694 non
1030 1653 1102 1696 esse
1118 1637 1192 1698 iacta

192 1719 421 1778 convicerimus:
450 1734 507 1778 non
527 1718 577 1778 val
598 1717 656 1777 boc
674 1718 761 1778 modo
777 1717 906 1777 servabit
923 1727 1023 1778 orator
1037 1737 1098 1779 non
1115 1722 1191 1780 inno·

193 1811 306 1862 cantem
321 1801 407 1862 modo
423 1801 475 1860 sad
490 1803 575 1862 etiam
589 1799 762 1861 laudabilem
777 1797 892 1861 civem?
920 1800 996 1874 Quid
1010 1805 1034 1862 si
1052 1804 1191 1882 quaedam

193 1888 267 1946 iusta
291 1894 391 1946 natura
414 1885 465 1944 sed
490 1883 844 1963 condicionetsmporum
865 1884 973 1945 inutilla
991 1887 1102 1946 civitati
1120 1889 1191 1946 scie·

192 1987 268 2028 mus:
291 1981 385 2028 nonme
401 1975 513 2028 utamur
528 1977 589 2030 arte
606 1967 721 2028 dicendi
735 1967 810 2028 bona
827 1967 940 2045 quidem
956 1969 1010 2029 sed
1027 1969 1114 2030 malis
1130 1971 1191 2030 arti·

76 2117 78 2120 ¹
151 2053 246 2111 dubus
262 2048 367 2111 simili?
399 2049 444 2110 Ad
459 2051 516 2112 boc
530 2067 614 2112 nemo
631 2049 781 2126 dubitabit,
798 2053 877 2130 quin,
893 2052 918 2110 si
934 2061 1079 2112 nocentes
1094 2052 1192 2113 mutari

193 2138 221 2194 in
236 2134 339 2195 bonam
354 2145 477 2194 mentem
493 2136 590 2214 aliquo
607 2134 693 2193 modo
710 2135 837 2212 possint,
855 2135 929 2194 sicut
943 2149 1034 2213 possa
1052 2137 1192 2198 interdum

194 2219 378 2293 conceditur,
403 2219 503 2278 salvos
528 2236 596 2278 esse
612 2218 703 2294 magis
721 2235 738 2276 e
753 2235 785 2277 re
801 2217 973 2296 publica-sit
987 2237 1075 2298 quam
1090 2220 1190 2299 puniri.

193 2303 223 2361 Si
241 2301 349 2380 liqueat
365 2303 450 2378 igitur
468 2302 592 2376 oratori,
610 2301 733 2360 futurum
748 2300 852 2360 bouum
867 2302 974 2376 virum,
992 2304 1039 2362 cui
1054 2321 1130 2364 vera
1146 2303 1191 2363 ob
1221 2355 1222 2366 2

149 2385 338 2444 adlicientur:
362 2401 419 2444 non
441 2385 469 2444 id
493 2393 576 2462 aget,
600 2391 630 2442 ut
646 2383 743 2444 salvus
760 2381 816 2444 sit?
846 2383 890 2445 Da
906 2402 994 2460 nunc,
1020 2395 1052 2445 ut
1077 2388 1191 2446 crimine

192 2467 344 2526 manifesto
361 2477 507 2546 prematur
524 2467 582 2526 dux
604 2467 712 2542 bonus,
736 2476 764 2526 et
786 2469 849 2527 sina
871 2485 928 2546 quo
943 2469 1065 2530 vincere
1081 2469 1192 2530 hostem

193 2551 294 2610 civitas
317 2564 374 2609 non
394 2551 503 2628 possit:
526 2565 621 2610 nonne
637 2553 665 2610 ei
684 2553 841 2610 communis
858 2550 964 2610 utilitas
979 2561 1132 2613 oratorem
1149 2551 1191 2612 ad·
1221 2591 1222 2604 r

186 2630 328 2693 uocabit?
355 2631 442 2694 Certe
459 2633 608 2712 Fabricius
625 2630 791 2694 Cornelium
806 2633 951 2708 Rufinum,
967 2643 996 2694 et
1011 2635 1125 2716 alioqui
1140 2653 1192 2695 ma·

193 2719 250 2778 lum
266 2717 358 2777 civem
379 2726 408 2776 et
428 2717 483 2777 sibi
497 2718 657 2793 inimicum,
681 2726 791 2794 tamen,
815 2719 882 2796 quia
898 2718 998 2778 utilem
1013 2721 1132 2780 sciebat
1147 2719 1193 2778 da·

193 2819 273 2875 cem,
299 2801 462 2860 imminente
487 2800 568 2861 bello
590 2799 686 2878 palam
708 2800 857 2860 consulam
878 2801 1018 2880 suffragio
1043 2819 1098 2863 suo
1126 2802 1193 2862 iecit

193 2893 280 2962 atque
297 2883 499 2944 admirantibus
516 2883 685 2961 quibusdam
699 2885 868 2964 respondit,
884 2882 911 2944 A
927 2886 993 2948 cicc
1007 2905 1043 2950 sc
1064 2884 1194 2964 spoliari

192 2967 283 3026 malle
303 2982 394 3044 qaum
415 2968 455 3027 ab
479 2967 563 3030 boote
583 2969 698 3029 venire.
735 2967 793 3043 lta,
817 2970 841 3028 si
864 2968 967 3028 fuisset
993 2977 1111 3044 orator,
1140 2983 1193 3028 nou

193 3049 374 3109 defendisset
399 3049 520 3114 eundem
543 3049 675 3110 Rufinum
696 3051 743 3110 vel
765 3051 908 3112 manifesti
923 3045 1077 3130 peculatus
1092 3045 1191 3113 reunsi

151 3131 280 3194 munira
296 3133 353 3192 dici
368 3141 489 3211 possunt
502 3133 616 3209 similia,
633 3133 748 3195 sedvel
764 3152 849 3194 unum
863 3153 902 3194 ex
916 3136 950 3195 iis
966 3135 1122 3214 quodlibet
1137 3134 1192 3194 sui·

193 3217 261 3275 ficit.
295 3214 360 3276 Non
378 3218 452 3275 enim
468 3215 525 3276 lroc
546 3219 672 3294 agimus,
693 3225 724 3276 ut
738 3217 814 3278 ismd
838 3218 894 3293 illi,
917 3235 1002 3297 quem
1025 3219 1190 3288 ternanos,

194 3301 256 3358 viro
272 3317 363 3379 saepe
381 3301 417 3358 sit
432 3300 609 3369 iaciendum
635 3301 688 3360 sed
704 3309 749 3376 ut,
776 3301 800 3360 si
816 3301 882 3362 talis
896 3301 1028 3378 coeperit
1042 3303 1138 3376 ratio,
1159 3299 1192 3358 sit

195 3391 289 3441 tamen
304 3401 374 3443 vera
391 3384 496 3458 finitio,
512 3391 665 3446 oratorem
682 3402 749 3446 esse
763 3384 862 3446 ciram
876 3385 986 3446 bonam
1001 3385 1131 3446 dicendi
1142 3401 1191 3462 pe·

155 3473 187 3524 45
194 3467 295 3525 ritum.
333 3457 508 3545 Praecipere
524 3482 596 3526 vero
614 3484 649 3526 ac
665 3467 797 3544 discere,
822 3467 966 3546 quomodo
983 3468 1069 3528 etiam
1088 3467 1192 3547 probs·
