2494 3952
317 248 407 296 insu.
429 247 578 297 aaaron.
601 247 670 295 nra.
688 249 738 314 nr,
753 244 780 296 4.
979 235 1036 299 131

30 405 79 464 ier
102 403 162 463 hoc
184 403 326 462 ultimum:
348 403 439 461 minus
454 401 573 461 valebit.
618 400 690 461 Nam
709 402 795 461 totius
813 403 914 462 ductus
929 402 976 462 hic
999 413 1044 463 est

32 488 119 568 quasi
140 503 260 562 mucro,
282 494 313 544 ut
334 503 441 564 perse
470 486 557 546 foeda
572 486 707 545 vomendi
722 487 883 545 necessitas
904 487 959 544 iam
974 486 1043 547 nihil

31 571 109 630 ultra
131 568 355 649 expectantibus
376 569 450 629 hanc
472 587 588 649 quoque
608 570 748 630 adiiceret
763 568 989 644 deformitatem,
1014 579 1044 629 ut

31 655 118 715 cibus
141 655 236 714 teneri
259 670 317 712 non
342 662 445 731 pos‘set
468 653 618 732 postridie.
664 651 786 717 Solebat
809 651 883 712 dier
901 652 1083 720 Domitiusal

31 740 173 799 traiicere
189 738 218 797 in
235 736 373 797 clausulis
393 735 484 797 verba
500 745 607 797 tantum
623 736 803 816 asperandae
825 738 1043 816 compositionis

17 823 129 900 lgratia
146 830 177 881 et
199 823 321 880 maxime
343 821 371 880 in
393 822 566 900 prooemiis:
592 829 623 880 ut
647 838 701 899 pro
723 819 888 895 Domitilla,
919 820 1044 882 Gratim

16 925 128 992 papam
146 907 306 973 coruinum
335 913 365 964 et
380 920 434 984 pro
454 904 565 980 Laelia,
583 901 639 965 Eis
659 907 795 983 atrisque
810 905 898 981 apud
917 913 945 966 te
964 905 1043 965 iadi-

16 993 103 1058 lccm
121 991 317 1068 periclitatur
336 983 454 1050 Laelio.
498 987 583 1048 Adeo
599 987 708 1066 refugit
729 997 857 1048 teneram
875 987 1042 1048 delicatam·
1150 1041 1154 1046 .

16 1087 93 1152 tque
115 1072 280 1133 modulandi
301 1072 496 1151 voluptatem,
520 1080 550 1130 ut
577 1071 757 1131 currentibus
776 1090 830 1151 per
852 1077 885 1130 s‘e
906 1073 1042 1148 numeris,

34 1157 115 1235 quod
138 1174 190 1216 eos
218 1155 377 1231 inhiberet,
403 1155 554 1215 obiiceret.
598 1154 812 1234 Amphiboliam
836 1174 952 1235 quoque
980 1157 1087 1216 derisa

33 1242 141 1300 vitiosa
159 1240 305 1300 locatione
321 1239 492 1314 verborum,
510 1255 594 1298 nemo
610 1247 671 1315 est,
683 1240 738 1319 vqui
754 1242 874 1300 nesciat.
902 1239 982 1299 llaec
997 1259 1041 1300 ar·

34 1323 145 1394 bitror,
163 1333 194 1383 ut
209 1325 237 1383 in
251 1323 351 1399 brevi,
375 1323 410 1384 de
427 1323 531 1383 ordine
548 1323 639 1382 luisse
656 1323 793 1393 dicenda;
814 1325 861 1402 qui
879 1326 903 1383 si
920 1325 1042 1383 vitiosus

35 1417 97 1468 est:
122 1409 192 1468 licet
207 1416 236 1467 et
250 1409 345 1467 vincta
368 1409 404 1466 sit
423 1416 452 1466 et
473 1416 539 1485 apte
561 1408 668 1481 cadens
690 1410 798 1486 oratio,
824 1417 918 1468 tamen
938 1409 1045 1468 merito

35 1493 229 1570 incomposita
250 1491 369 1551 dicatur.
392 1561 394 1568 χ

121 1575 297 1634 lanctura
319 1575 460 1653 sequitur.
503 1574 556 1635 Est
578 1577 606 1636 in
623 1575 736 1651 verbis,
757 1577 874 1652 incisis,
894 1571 1062 1651 membris,.'

38 1658 186 1737 periodis;
211 1661 303 1719 omnia
319 1676 441 1737 namque
456 1660 511 1718 ista
533 1668 563 1718 et
578 1661 699 1718 virtutes
715 1669 745 1720 et
758 1663 826 1720 vitia
843 1662 871 1719 in
887 1660 1041 1738 complexu

39 1742 154 1802 habent.
195 1742 309 1820 Atque,
335 1751 365 1801 ut
388 1743 518 1802 ordinem
536 1759 658 1819 sequar,
677 1743 796 1822 primum
814 1753 879 1803 sunt
901 1762 975 1823 quae
991 1745 1128 1803 ini-aa»-

39 1826 139 1904 peritis
158 1842 274 1904 quoque
290 1825 326 1886 ad
345 1826 602 1904 reprehensionem
618 1825 755 1885 notabilia
772 1827 920 1904 videntur,
938 1828 967 1887 id
985 1836 1040 1902 est,

40 1928 129 1988 quae,
149 1911 309 1969 commissis
326 1911 401 1970 inter
415 1929 448 1970 se
463 1909 561 1975 verbis
578 1908 704 1985 duobus,
723 1927 760 1969 ex
774 1909 871 1970 ultima
886 1911 991 1988 prioris
1007 1928 1042 1968 ac

40 1995 127 2071 prima
152 1993 300 2070 sequentis
322 1993 436 2068 syllaba
463 1993 594 2053 deforme
626 1993 744 2070 aliquod
767 2010 871 2053 nomen
903 1992 1042 2053 efficiunt.

16 2087 18 2094 ’
40 2075 108 2138 Tum
125 2077 270 2137 vocalium
287 2093 461 2144 concursus;
484 2078 611 2156 quicum
628 2077 748 2154 accidit,
766 2077 825 2137 hiat
847 2086 875 2137 et
892 2077 1042 2136 intersistit
1112 2097 1113 2100 ¹

40 2171 69 2221 et·
82 2163 167 2241 quasi
181 2159 295 2221 laborat
310 2161 413 2220 oratio.
455 2161 583 2221 Pessime
598 2160 723 2237 longae,
740 2179 814 2239 quae
833 2161 951 2221 easdem
967 2161 1042 2220 inter

39 2264 67 2304 se
91 2246 205 2305 litteras
230 2245 424 2319 committunt,
458 2243 609 2305 sonabunt.
664 2244 840 2322 Praecipuus
862 2253 958 2304 tamen
987 2244 1042 2302 erit

38 2328 130 2390 hiatus
153 2347 266 2404 earum,
292 2347 366 2406 quae
390 2345 462 2388 cavo
479 2337 527 2388 aut
543 2327 642 2406 patulo
657 2329 778 2388 maxime
801 2345 853 2387 ore
872 2329 1038 2388 efferuntur.

39 2409 195 2491 llplanior
210 2411 306 2472 littera
324 2419 388 2488 est,
410 2411 424 2470 l
444 2414 594 2489 angustior
609 2419 670 2487 est,
692 2411 818 2490 ideoque
840 2411 991 2472 obscurius
1013 2411 1083 2471 in34

39 2493 76 2555 his
98 2497 209 2556 vitium.
255 2494 347 2556 hlinus
362 2495 514 2574 peccabit,
540 2497 588 2574 qui
604 2495 700 2573 longis
715 2495 821 2555 breves
837 2496 988 2569 subiiciet,
1012 2502 1041 2552 et

40 2579 144 2655 adhuc,
162 2581 211 2658 qai
226 2589 389 2658 praeponet
405 2579 511 2656 longae
524 2577 653 2639 brevem.
691 2577 804 2638 blinima
821 2589 866 2639 est
887 2581 916 2639 iu
931 2576 1041 2639 duabus

40 2660 173 2724 brevibus
189 2664 322 2723 offensio.
362 2664 461 2742 Atque
477 2680 541 2723 cum
555 2662 630 2722 aliae
645 2660 853 2740 subiunguntur
868 2662 949 2735 aliis,
973 2677 1040 2738 pro·
1065 2717 1070 2722 .

40 2746 100 2809 inde
129 2748 297 2826 asperiores
317 2755 415 2822 erunt,
442 2755 528 2824 prout
554 2747 613 2805 oris
634 2744 738 2806 habitu.
755 2746 839 2806 simili
855 2754 904 2806 aut
923 2744 1040 2805 diverso

41 2831 302 2906 pronuntiabuntur.
346 2829 414 2890 Non
435 2839 530 2890 tamen
554 2829 597 2905 id,
625 2838 656 2888 ut
676 2831 783 2890 crimen
807 2831 925 2907 ingens,
953 2831 1084 2906 expo-35

41 2914 212 2974 vescendum
238 2923 299 2989 est,
325 2933 359 2975 ac
381 2915 482 2973 nescio
499 2913 677 2990 negligentia
697 2915 726 2972 in
744 2913 801 2973 hoc
817 2931 852 2974 an
874 2910 1040 2976 sollicitudo

42 2997 73 3055 sit
86 2999 182 3077 peior.
228 2996 359 3058 Inhibeat
383 2999 458 3056 enim
472 3015 597 3057 necesse
617 3005 662 3056 est
677 2996 724 3058 bic
739 3006 832 3057 metus
847 2999 983 3076 impetum
1000 2993 1041 3052 di-

43 3081 119 3141 cendi
150 3090 179 3140 et
203 3098 219 3140 a
240 3081 400 3158 potioribus
417 3089 537 3140 avertat.
583 3078 680 3154 Quare
702 3091 732 3141 ut
753 3080 950 3158 negligentiae
974 3095 1041 3157 pars

43 3159 91 3224 hoc
117 3167 193 3242 pati:
226 3167 265 3224 ita
293 3164 457 3224 humilitatis
480 3163 587 3242 ubique
609 3163 853 3242 perhorrescere,
881 3164 1047 3239 nimiosque

43 3262 92 3306 non
113 3249 254 3308 immerito
279 3248 307 3307 in
327 3247 384 3307 hac
410 3265 479 3308 cura
503 3255 603 3325 putant
624 3264 723 3309 omnes
749 3247 910 3310 Isocraten
923 3254 1041 3306 secutos

16 3401 17 3408 ἵ
44 3331 256 3409 praecipueque
270 3330 500 3410 Theopompum.
531 3329 570 3390 At
584 3329 798 3392 Demosthenes
816 3340 846 3390 et
863 3329 967 3390 Cicero
985 3335 1085 3391 mo·36

16 3435 17 3486 3
44 3411 100 3474 dice
117 3423 312 3493 respexerunt
328 3415 364 3475 ad
379 3414 453 3474 hanc
468 3421 590 3491 partem.
627 3413 699 3476 Nam
715 3425 744 3476 et
760 3424 899 3475 coeuntes
914 3415 1040 3488 litterae,

45 3511 110 3574 quae
127 3495 305 3574 συναλοιφαὶ
320 3498 466 3575 dicuntur,
487 3497 572 3556 etiam
591 3495 732 3560 leviorem
747 3499 854 3558 iaciunt
869 3499 1040 3572 orationem,

835 3579 876 3642 9*
