2494 3952
311 205 401 255 rursu.
419 205 569 255 onaron.
587 207 657 254 nm.
676 209 731 273 rx,
746 206 772 259 3.
987 201 1046 262 113

36 359 170 434 Quorum
192 358 294 418 similia
319 359 394 437 apud
409 369 526 420 veteres
545 355 673 438 tragicos
692 359 880 442 comicosque
897 374 961 425 sunt
983 367 1046 444 plu·

38 445 121 504 rima.
157 441 230 502 lllud
246 451 274 502 et
290 443 317 501 in
333 445 542 505 cousuetudine
557 447 694 504 remansit
716 443 887 509 Enimuero.
923 448 973 509 llis
989 469 1046 510 am·
1056 464 1089 516 15

39 528 117 606 plius
135 526 211 606 apud
226 525 363 586 eundern:
1127 529 1130 535 '

168 606 247 670 Nam
275 612 343 687 queis
366 619 395 671 tc
414 613 555 673 iuuenum
577 613 834 690 confidentissime
853 645 896 658 -

38 711 99 774 quo
117 695 258 753 sermonis
276 695 383 753 initium
400 695 440 754 lit.
480 694 518 755 Et

86 775 161 838 Tam
175 779 275 855 anonis
288 778 343 840 illo
358 785 490 841 tremens
512 788 540 842 et
559 781 695 842 tristibus
710 781 805 865 effero
820 780 962 859 flammis,

84 860 184 934 Quum
199 863 297 941 monis
318 861 412 945 affuso
431 865 619 925 crudescunt
637 869 788 945 sanquine
801 883 934 945 puqnoc.

37 943 127 1020 Quod
145 953 190 1003 cst
201 963 318 1004 versum
333 963 371 1006 ex
386 946 455 1007 illo:
479 944 578 1020 Quom
592 950 692 1027 mauis
705 967 858 1011 comneno
869 958 968 1029 arcet,
985 959 1047 1011 tom
1064 1021 1069 1033 ι

36 1031 140 1108 mnqis
163 1029 209 1089 od
222 1029 479 1107 amlesocicudam
497 1032 587 1110 oinct.
618 1030 698 1091 Pleni
715 1033 820 1093 talibus
836 1035 959 1112 antiqui:
975 1035 1049 1094 sicut
1057 1044 1089 1098 16

38 1112 134 1191 {initio
150 1109 280 1171 Eunuchi
296 1111 448 1173 Terentius
467 1111 550 1188 Ouid
563 1115 658 1193 icitur
670 1116 808 1193 samm?
830 1118 930 1196 inquit.
961 1114 1046 1179 Alla-

37 1196 82 1257 sit
100 1196 326 1276 tandcm‘lcnol
363 1195 493 1258 Catullus
515 1199 543 1258 iu
562 1196 754 1276 Epithalamio

127 1313 168 1326 -
183 1277 266 1340 Dum
285 1282 414 1358 innupta
436 1290 553 1358 monet,
576 1284 649 1343 dum
666 1300 745 1344 coru
766 1285 831 1344 sads
850 1293 905 1362 est,
1060 1352 1070 1370 ι

39 1381 105 1426 cum
128 1364 207 1443 prius
228 1365 300 1425 dum
326 1365 471 1441 significet
497 1367 614 1444 qucum
643 1383 770 1445 sequens
793 1383 890 1446 usquc
913 1386 956 1429 co.
1000 1367 1047 1428 Ex
1055 1379 1089 1435 17

40 1449 157 1510 Graeco
177 1464 250 1509 vero
266 1447 404 1509 translatu
418 1449 467 1508 vel
483 1448 612 1512 Sallustii
629 1448 768 1527 plurima,
787 1451 873 1529 qrralc
889 1462 949 1512 est:
975 1450 1045 1514 Vul-

37 1551 98 1612 9us
113 1539 197 1593 amat
208 1531 300 1610 βοῆς
321 1533 369 1592 vel
384 1532 509 1608 Horatii,
532 1550 596 1594 narn
611 1533 639 1592 id
654 1535 777 1594 maxime
795 1535 914 1614 probat:

125 1647 168 1662 -
190 1613 255 1677 Nec
273 1619 402 1693 ciceris,
424 1637 482 1680 nec
504 1618 617 1696 ianque
632 1619 742 1679 incidit
763 1635 893 1694 aomos,
959 1621 962 1646 ¹

44 1699 93 1758 vel
107 1699 245 1776 Vergilii:

247 1813 288 1824 -
311 1783 499 1864 Tyrrhenum
516 1785 644 1862 namqui
662 1800 788 1863 aequor.

41 1867 80 1928 Et
97 1868 151 1926 iam
166 1867 313 1944 vulgatum
329 1869 401 1928 actis
418 1884 551 1946 quoquc:
575 1867 710 1929 Saucius
721 1875 840 1947 pectus.
883 1866 930 1927 Ex
944 1869 1045 1928 eadem
1054 1877 1087 1931 18

41 1959 125 2030 parte
148 1950 301 2027 figurarum
322 1951 464 2012 additio
493 1960 522 2011 et
542 1950 709 2012 abiectio
735 1960 789 2010 est.
830 1950 943 2030 Illoque
963 1953 1044 2030 prior

40 2035 134 2094 videri
152 2042 249 2112 potest
264 2052 445 2113 supervacua
462 2035 515 2095 sed
531 2051 588 2094 nou
605 2037 666 2095 sine
681 2037 774 2113 gratis
792 2044 851 2096 est:

82 2115 163 2178 Num
180 2132 278 2195 nequae
298 2116 430 2180 Parnasi
449 2119 534 2182 cobis
553 2119 627 2198 iuqo
642 2137 713 2180 nom
731 2134 828 2196 neque
850 2117 940 2179 Pindi
959 2153 1002 2164 —-

16 2207 18 2216 ’
41 2202 142 2263 Potest
158 2202 232 2260 enirn
244 2202 349 2262 deesse
365 2202 485 2262 alterurn
499 2221 580 2263 nam.
608 2202 644 2262 Et
660 2202 734 2280 apud
746 2201 892 2262 Horatium
907 2201 994 2262 illud:

451 2319 494 2333 —-
514 2319 553 2330 -
578 2285 823 2364 minimumque,

207 2367 296 2430 Hunc
316 2377 346 2432 ct
364 2371 493 2432 intonsis
515 2368 641 2431 Curium
662 2371 783 2449 cupillis
799 2399 841 2410 ·-

16 2481 17 2486 ¹
39 2452 78 2513 Et
96 2453 307 2528 detractiones,
330 2470 405 2532 quae
426 2455 454 2510 in
471 2453 626 2532 complexu
649 2455 790 2513 sermonis
813 2463 861 2513 aut
877 2454 975 2513 vitium
993 2452 1044 2513 ha·

16 2535 173 2596 'heutsut
189 2536 323 2613 liguram:
344 2545 375 2596 ut
408 2582 410 2587 .

168 2618 292 2682 Accede
308 2620 352 2683 ad
366 2621 482 2699 ionem,
498 2622 561 2682 ioan
578 2623 714 2683 calesces
727 2622 799 2699 plus
812 2622 897 2680 sotis

40 2703 114 2766 Plus
130 2706 205 2764 enim
221 2721 313 2782 quam
327 2706 404 2764 sotis
419 2710 472 2763 est.
497 2703 569 2765 Nom
585 2704 621 2764 de
637 2703 745 2777 altera,
763 2721 838 2782 quae
854 2701 1043 2775 detractione,
1053 2704 1087 2758 19

41 2787 173 2866 pluribus
189 2787 379 2848 adiiciendum
397 2796 451 2846 est.
494 2786 605 2847 Utimur
618 2787 708 2864 vulgo
725 2795 755 2846 et
772 2785 975 2866 compunctivis
991 2801 1044 2863 pro

40 2870 200 2947 absolutis,
223 2879 253 2930 nt
279 2888 342 2931 cum
359 2889 391 2930 sc
407 2872 471 2949 quis
488 2872 685 2949 infirmiorem
700 2887 767 2930 esse
785 2870 876 2936 dicet;
900 2869 956 2928 duc
972 2869 1046 2928 inter

38 2972 74 3013 sc
91 2957 287 3034 comparativa
305 2956 519 3015 committimus:
542 2953 578 3015 Si
593 2964 635 3031 tc,
654 2951 801 3030 Catilina,
818 2953 1045 3032 comprehendi,

41 3041 68 3099 si
89 3038 222 3117 interfici
245 3041 381 3100 iussero:
403 3039 514 3113 credo,
542 3040 601 3100 crit
621 3039 788 3099 cerandum
811 3038 900 3113 milti,
928 3055 966 3097 ne
987 3054 1046 3097 non

41 3122 98 3183 lroc
110 3125 214 3202 potins
228 3141 332 3184 omnes
343 3123 413 3184 boni
427 3123 529 3182 scrius
544 3141 564 3183 o
577 3141 624 3182 nse
642 3137 733 3198 quom
750 3121 912 3199 quisquam
933 3120 1045 3180 crude-

41 3206 101 3266 lius
121 3206 239 3283 fuctum
259 3224 325 3267 esso
341 3207 433 3267 dicut.
471 3205 543 3264 Sunt
559 3213 588 3264 ct
609 3204 659 3264 illa
677 3221 733 3264 nou
750 3204 852 3263 similia
868 3201 1046 3262 soloecismo
1054 3209 1090 3259 20
1201 3198 1207 3208 “

42 3289 159 3367 quidem
181 3289 233 3349 sed
254 3298 350 3350 tamen
370 3307 516 3348 numerum
538 3289 689 3362 mutantia,
714 3305 787 3366 quac
810 3296 839 3346 et
860 3287 952 3364 tropis
974 3285 1046 3344 assi-

41 3373 125 3448 gnari
142 3371 252 3448 solent,
267 3382 300 3446 ,ut
317 3372 353 3432 de
368 3389 424 3433 uno
439 3371 591 3451 pluraliter
606 3371 748 3431 dicamus:

128 3455 193 3518 Sea
208 3476 263 3520 nos
284 3458 460 3518 immensum
479 3457 589 3534 spoliis
605 3456 790 3533 confecimus
805 3469 943 3597 αοᾳὲιονς

84 3561 112 3598 ar.
125 3561 149 3599 s.
164 3560 275 3606 omnmo.
288 3545 311 3600 Il
778 3575 783 3586 ι
