2494 3952
342 187 431 238 msc.
449 186 598 238 onauon.
617 184 797 256 nun.1ru,t.
1011 177 1070 240 135

65 345 191 408 eflicitur
207 341 376 423 epedibus,
394 343 544 405 conclusio
560 361 664 404 nomen
678 342 796 422 aliquod
811 342 967 404 desiderat.
996 342 1072 418 Quid

64 432 102 490 sit
116 430 204 506 igitur
224 429 421 508 potiusquam
442 445 631 504 numerus,
657 435 686 488 et
709 428 852 488 oratorius
872 445 1023 506 numerus,
1041 437 1073 489 ut
1139 444 1146 502 j

66 513 248 588 enthymema
267 511 431 574 rhetoricus
453 508 661 590 syllogismus?
706 510 772 590 Ego
796 520 894 588 certe,
915 530 952 572 ne
974 514 1002 572 in
1024 531 1071 573 ca·

65 595 198 657 lumniam
212 595 329 671 cadam,
346 613 402 674 qua
417 613 454 655 ne
468 595 507 656 m.
525 596 640 675 quidem
655 595 766 656 Tullius
783 596 890 672 caruit,
906 612 999 675 posco
1015 595 1073 658 hoc

64 680 148 756 mihi,
169 689 214 758 ut,
239 698 303 740 curn
319 696 373 758 pro
396 680 558 759 composito
581 679 682 740 dixero
699 696 846 740 numerum
863 689 892 740 et
907 673 1072 760 ubicunque

64 765 120 824 iam
136 763 211 840 dixi,
235 764 440 825 oratorium
461 764 560 825 dicere
576 764 732 842 intelligar.
993 832 997 847 ‚

151 844 316 908 Collocatio
338 857 432 909 autem
454 847 545 908 verba
566 848 621 909 iam
638 848 760 927 probata
779 857 808 908 et
830 847 927 908 electa
943 855 972 908 et
991 846 1115 914 veluttil

62 933 212 1009 assignata
227 930 282 992 sibi
297 931 386 992 debet
403 942 596 1001 connectere;
620 949 684 992 nam
699 933 748 994 vel
763 931 835 992 dure
854 933 929 992 iuter
944 949 977 991 se
995 948 1071 991 com-

62 1017 152 1076 missa
172 1016 288 1094 potiora
309 1025 375 1075 sunt
397 1015 553 1077 inutilibus.
600 1013 708 1076 'lamen
731 1025 761 1077 et
782 1015 895 1094 eligere
919 1014 1071 1094 quaedam,

4 1171 5 1174 Ἴ
63 1099 130 1159 dum
152 1117 190 1159 err
208 1099 260 1176 iis,
283 1118 359 1179 quae
376 1100 452 1161 idem
471 1099 636 1178 significent
655 1110 743 1181 atque
765 1101 840 1161 idem
855 1099 986 1176 valeant,
1005 1117 1072 1178 per·

63 1183 207 1261 miserim,
231 1192 261 1244 et
282 1183 409 1244 adiicere
425 1183 490 1245 dum
505 1201 569 1243 non·
579 1185 692 1260 otiosa,
714 1193 743 1244 et
759 1183 913 1245 detrahere
929 1183 994 1244 dum
1014 1199 1072 1242 non

62 1269 241 1327 necessaria.
285 1267 344 1329 Sed
360 1268 459 1346 liguris
480 1276 590 1329 mutare
609 1287 693 1329 casus
717 1277 805 1346 atque
825 1284 980 1344 numeros,
1000 1283 1071 1346 quo·

3 1369 5 1434 j
62 1369 126 1411 rum
142 1351 269 1412 varietas
293 1351 463 1430 frequenter
484 1353 578 1430 gratia
602 1353 821 1430 compositionis
846 1353 954 1427 ascita,
986 1353 1072 1410 etiarn

3 1437 5 1514 ἷ
61 1452 117 1496 suo
135 1435 252 1495 nomine
267 1436 344 1496 solet
360 1454 428 1496 esse
443 1436 605 1496 iucundum.
635 1435 736 1496 vEtiam
751 1435 800 1498 ubi
816 1435 893 1497 aliud
907 1435 980 1496 ratio
997 1434 1115 1498 aliud59

3 1521 6 1548 ²
62 1519 246 1580 consuetudo
267 1526 387 1598 poscet:
417 1529 510 1580 utrum
528 1521 627 1596 volet,
656 1528 748 1580 sumat
770 1519 962 1598 compositio,
988 1517 1073 1581 Vita-

3 1599 7 1628 ²
59 1603 360 1680 adcommodasse,
386 1602 588 1682 Deprendere
608 1603 657 1664 vel
682 1604 924 1683 deprehendere.
971 1601 1071 1663 Goitus

3 1689 5 1714 ³
62 1689 151 1747 etiam
168 1686 346 1763 syllabarum
360 1705 418 1748 non
432 1686 566 1765 negabo,
582 1697 612 1748 et
627 1688 764 1768 quidquid
779 1689 930 1748 sententiis
946 1696 994 1747 aut
1009 1687 1071 1748 elo·

3 1811 4 1818 ι
60 1771 171 1832 cationi
193 1788 250 1831 non
277 1771 405 1832 nocebit.
449 1771 638 1850 Praecipuum
662 1780 757 1831 tamen
782 1771 810 1830 in
838 1771 895 1831 hoc
919 1787 993 1850 opas
1015 1780 1117 1847 est,6o

3 1849 5 1884 ⁸
59 1857 142 1916 scire
164 1856 241 1934 quod
259 1872 376 1935 quoque
397 1855 465 1916 loco
481 1855 636 1915 verborum
652 1857 775 1915 maxime
798 1856 929 1932 quadret.
975 1854 1072 1932 Atque

58 1941 85 2000 is
103 1940 213 2017 optime
233 1947 405 2019 componet,
429 1940 478 2018 qui
502 1939 559 2000 boc
580 1956 638 1999 non
656 1939 749 1999 solum
768 1938 961 2018 componendi
979 1939 1073 2016 gratia

58 2022 143 2083 iacit.

148 2105 233 2167 Ratio
256 2125 330 2168 vero
350 2107 457 2186 pedum
472 2107 500 2167 in
516 2108 647 2167 oratione
664 2116 710 2166 est
724 2106 814 2166 multo
835 2124 918 2184 quam
940 2106 969 2164 in
985 2122 1072 2164 uersu

56 2191 227 2252 difficilior:
246 2193 367 2270 primunr
383 2191 460 2269 quod
473 2209 575 2251 versus
590 2191 691 2269 paucis
707 2193 887 2266 continetur,
901 2189 993 2249 oratio
1009 2188 1071 2248 lon·

54 2277 164 2354 giores
179 2274 267 2335 babet
281 2293 372 2354 saepe
389 2275 539 2344 circuitus;
563 2274 667 2334 deinde
687 2274 765 2356 quod
781 2291 883 2334 versus
899 2289 1018 2351 semper
1034 2273 1071 2331 si·

55 2357 138 2419 milis
159 2358 214 2419 sibi
236 2367 280 2419 est
305 2368 333 2419 et
354 2376 410 2418 uua
430 2359 542 2418 ratione
560 2359 702 2436 decurrit,
731 2358 870 2418 orationis
886 2356 1071 2435 compositio,

56 2443 117 2504 nisi
135 2444 215 2503 varta
240 2452 301 2520 est,
326 2452 356 2502 et
376 2443 495 2503 offendit
512 2442 695 2506 similitudine
719 2451 748 2502 et
769 2442 798 2502 in
815 2441 1000 2501 affectatione
1023 2439 1079 2499 ιιι·Ι

56 2525 262 2608 prehenditur.
312 2526 350 2587 Ει
373 2528 401 2586 in
423 2528 498 2586 omni
526 2528 641 2606 quidem
662 2543 790 2605 corpore
817 2535 938 2604 totoque
966 2526 1012 2603 (ut
1033 2525 1158 2584 ita610-

55 2610 202 2689 dixerim)
219 2619 312 2671 tractu
328 2628 461 2670 numerus
477 2612 602 2670 insertus
619 2619 673 2670 est.
701 2609 804 2689 Neque
817 2611 892 2669 enim
908 2609 988 2687 loqui
1004 2623 1072 2685 pos·

54 2712 162 2754 sumus
180 2694 234 2753 nisi
250 2692 371 2770 syllabis
387 2693 525 2755 brevibus
542 2712 577 2754 uc
592 2693 705 2772 longis,
723 2713 760 2754 ex
772 2693 875 2772 quibus
887 2692 979 2771 pedes
991 2690 1071 2750 liunt.

55 2777 157 2855 Magis
174 2786 269 2837 tamen
290 2787 320 2837 et
337 2777 519 2839 desideratur
535 2779 564 2837 in
582 2777 720 2857 clausulis
745 2784 933 2856 etappar‘et:
954 2776 1074 2853 primum

55 2863 131 2943 quia
147 2879 251 2922 sensus
267 2863 358 2922 omnis
371 2861 458 2922 habet
473 2879 555 2922 suum
570 2862 655 2921 linem
670 2863 824 2941 poscitque
840 2859 970 2921 naturale
986 2859 1073 2918 inter·

55 2945 188 3020 vallum,
206 2962 263 3023 quo
289 2962 304 3005 a
322 2947 472 3024 sequentis
489 2946 568 3005 initio
585 2945 742 3014 dividatur;
767 2945 872 3007 deinde
888 2943 967 3022 quod
988 2959 1072 3003 aures

56 3031 228 3092 continuam
248 3046 352 3089 vocem
373 3038 493 3090 secutae
517 3028 680 3107 ductaeque
700 3029 781 3089 velut
802 3045 895 3109 prono
917 3029 1074 3089 decurren-

56 3115 99 3174 tis
123 3113 263 3172 orationis
290 3113 405 3173 llumine
427 3122 485 3173 tum
505 3114 598 3191 magis
619 3113 761 3188 iudicant,
790 3131 855 3173 cum
875 3112 927 3173 ille
949 3112 1072 3189 impetus

53 3197 146 3258 stetit
169 3205 199 3256 et
219 3196 346 3257 intuendi
364 3206 477 3276 tempus
496 3196 585 3257 dedit.
629 3196 695 3257 Non
710 3198 798 3275 igitur
812 3196 913 3257 durum
928 3197 965 3255 sit
980 3197 1117 3273 nequedh

53 3281 235 3358 abruptum,
264 3298 322 3360 quo
342 3281 427 3341 animi
447 3279 528 3341 velut
547 3281 692 3360 respirant
714 3300 749 3342 ac
772 3281 949 3341 reficiuntur.
993 3277 1074 3337 Haec

57 3373 111 3426 est
134 3363 224 3423 sedes
247 3365 401 3443 orationis,
429 3363 487 3425 hoc
509 3363 622 3426 auditor
649 3374 801 3444 expectat,
830 3364 877 3424 hio
900 3363 963 3425 laus
981 3362 1073 3421 omnis

53 3447 219 3510 declamat.
266 3449 426 3509 Proximam
448 3447 585 3509 clausulis
607 3448 785 3528 diligentiam
811 3447 958 3530 postulant
983 3446 1072 3523 initia,
