2444 3972
321 165 732 253 rusa.0aau0a.u1s.1,e.
991 175 1031 236 43

57 341 111 399 tium
129 340 210 400 nolim
231 343 259 400 in
281 339 449 418 quibusdam
471 341 663 418 interpretari.
695 342 798 420 Elegia
821 359 909 418 vcro,
932 343 1032 420 utique

56 441 99 501 qua
110 433 190 499 amat,
214 434 242 482 et
259 423 513 499 hendecasyllabi,
536 427 583 501 qui
601 434 666 486 sunt
683 436 823 486 commata
840 426 1032 489 Sotadeorum

57 507 120 584 (nam
138 509 171 567 de
189 508 329 568 Sotadeis.
344 526 380 568 ne
401 507 636 586 praecipiendum
658 510 771 587 quidem
795 513 855 590 est)
877 527 1031 572 amovean-

55 598 102 667 tur,
120 593 141 650 si
157 593 219 652 lieri
235 602 348 670 potest;
372 593 521 666 siminus,
546 603 626 652 certe
644 595 679 655 ad
696 594 803 656 firmius
822 596 925 654 aetatis
943 594 1032 654 robur

53 685 226 736 reserventur.
267 674 459 751 comoediae,
483 693 557 754 quae
580 677 731 754 plurimum
753 679 889 754 conferre
912 679 948 738 ad
970 678 1055 738 elo-i

54 762 176 834 quantiam
201 769 317 838 potest,
346 778 409 818 cum
429 778 482 838 per
509 776 608 820 omues
631 771 660 820 et
688 780 829 839 personas
859 771 888 820 et
908 763 1031 822 affectus

54 851 103 918 cat,
121 861 200 922 quern
215 863 298 904 usum
319 846 347 903 in
365 845 462 921 pueris
483 853 597 922 putem,
623 847 710 924 paulo
733 856 801 924 post
823 863 876 904 suo
901 845 968 905 loco
991 846 1031 905 di-

53 943 113 995 oan;
139 945 199 988 narn
224 947 288 988 cum
309 945 405 988 mores
427 929 456 986 in
478 937 539 986 tuto
561 929 684 1006 inerint,
711 930 787 989 inter
808 931 968 1008 praecipua
990 929 1031 988 lc·

51 1011 128 1085 ganda
139 1013 200 1070 erit.
223 1011 268 1072 De
281 1011 437 1073 Menandro
451 1011 566 1090 loquor,
580 1031 635 1072 nec
649 1023 744 1074 tamen
757 1013 932 1074 excluserim
946 1012 1029 1074 alios.

119 1094 185 1154 Nam
202 1095 294 1156 Latini
317 1113 433 1174 quoque
456 1106 592 1156 auctores
616 1097 738 1158 alienent
758 1099 889 1158 utilitatis
912 1097 1057 1176 aliquid-8

51 1177 96 1236 Sed
113 1182 222 1257 pueris,
247 1199 321 1258 quae
336 1182 459 1240 maxime
476 1181 622 1256 ingenium
642 1182 720 1242 alant
738 1191 825 1259 atque
842 1184 965 1240 animum
982 1199 1030 1239 au-

51 1271 135 1338 geant,
162 1263 375 1342 praelegenda;
407 1265 539 1339 ceteris,
558 1283 632 1342 quae
661 1266 697 1325 ad
725 1263 917 1324 eruditionem
945 1263 1030 1324 modo

51 1348 190 1423 portinent,
214 1348 304 1426 longa
327 1357 408 1407 aetas
431 1349 554 1425 spatium
574 1349 661 1409 dabit.
695 1347 813 1408 Multum
835 1359 930 1410 auteur
949 1356 1030 1408 vete·

50 1447 86 1488 res
106 1433 184 1492 etiarn
201 1431 295 1492 Latini
315 1432 482 1507 conferunt,
508 1431 685 1512 (quanquam
708 1433 843 1511 plerique
862 1435 928 1512 plus
950 1433 1030 1509 inge·

51 1515 87 1572 uio
105 1533 182 1592 quarn
199 1526 265 1576 arte
282 1516 450 1596 valuerunt)
474 1517 611 1594 imprimis
631 1519 745 1594 copiam
765 1518 936 1592 verborum,
961 1532 1031 1594 quo-

16 1649 21 1682 ,
50 1600 131 1658 runiu
144 1601 305 1678 tragoediis
323 1601 467 1676 gravitas,
488 1602 516 1658 in
537 1601 695 1660 comoediis
714 1600 859 1678 elegantia
872 1610 901 1660 et
917 1601 1032 1679 quidam

16 1683 19 1758 t
52 1681 112 1740 reiut
130 1675 298 1762 ἆπικισμὸς
317 1685 438 1742 inveniri
460 1693 567 1761 potest.
604 1683 782 1744 Oeconomia
805 1702 922 1763 quoque
941 1686 970 1743 in
987 1683 1055 1748 his9
1147 1685 1150 1692 '

54 1763 193 1842 diligentior
205 1787 294 1846 quam
306 1769 334 1826 in
346 1767 503 1846 plerisque.
513 1785 654 1828 novorum
671 1771 742 1844 erit,
762 1771 809 1846 qui
824 1771 948 1827 omnium
961 1784 1031 1844 ope·

52 1852 202 1912 ramsolam
224 1853 361 1911 virtutem
383 1853 542 1912 sententias
565 1861 747 1928 putaverunt.
784 1853 929 1932 Sanctitas
952 1859 1032 1910 certe

50 1939 84 2007 et,
103 1943 129 1993 ut
147 1938 190 1995 sic
213 1936 327 2011 dicam,
350 1935 472 1994 virilitas
494 1934 530 1995 ab
554 1936 588 1994 iis
611 1933 736 2013 petenda
759 1943 820 2010 est,
845 1933 958 2012 quando
979 1950 1032 1994 noe

48 2017 69 2074 in
82 2022 164 2079 omnia
181 2020 354 2080 deliciarum
372 2021 440 2078 vitia
458 2019 572 2078 dicendi
588 2037 705 2098 quoque
719 2021 832 2079 ratione
850 2018 1030 2078 deduximus.

48 2096 161 2180 lienique
179 2103 334 2164 credamus
352 2105 468 2162 summis
483 2103 663 2179 oratoribus,
687 2105 735 2181 qui
753 2112 884 2162 veterum
898 2110 1075 2181 poematalo

47 2185 82 2244 rel
100 2187 133 2246 ad
153 2187 242 2248 iidem
265 2205 414 2248 causarum
432 2187 481 2246 vel
504 2187 539 2246 ad
562 2195 759 2247 ornamentum
782 2186 970 2264 eloquentiae
987 2202 1032 2244 as·

48 2279 149 2330 annunt.
175 2271 253 2332 Nam
269 2273 429 2350 praecipue
447 2271 561 2349 quidem
578 2270 653 2350 apud
666 2268 850 2344 Ciceronem,
864 2270 1074 2348 frequenterll

47 2357 123 2414 lamen
150 2356 228 2434 apud
251 2355 382 2414 Asinium
408 2357 494 2414 ctiam
517 2364 546 2413 et
569 2364 703 2430 ceteros,
733 2356 871 2432 quisunt
897 2353 1032 2432 proximi,

48 2438 148 2500 odimus
170 2439 275 2514 Ennii,
304 2439 405 2515 Accii,
432 2438 565 2514 Pacuvii,
593 2437 712 2514 Lucilii,
741 2437 887 2513 Terentii,
912 2434 1034 2497 Caecilii

47 2523 200 2583 eduliorum
218 2525 310 2583 inseri
325 2540 445 2598 versus,
470 2541 579 2582 summa
596 2539 654 2582 non
673 2522 841 2582 eruditionis
859 2521 946 2580 modo
967 2537 1033 2596 gra-

46 2605 75 2664 tia
92 2609 141 2668 sed
163 2610 254 2672 etiam
269 2604 469 2682 iucunditatis,
494 2625 559 2666 cum
580 2607 706 2684 poeticis
727 2603 926 2684 voluptatibus
949 2621 1034 2664 aures

46 2687 177 2752 elorensi
200 2692 361 2770 asperitate
383 2691 536 2768 respirant.
575 2689 686 2763 Quibus
709 2689 824 2750 accedit
846 2706 904 2748 non
924 2687 1077 2750 medio-12

46 2774 93 2832 cris
109 2778 243 2851 utilitas,
269 2793 333 2836 cum
355 2777 506 2835 sententiis
527 2791 628 2834 eorum
655 2773 737 2834 velut
760 2772 930 2852 quibusdam
953 2772 1033 2830 testi-

45 2860 148 2936 noniis,
175 2877 257 2939 quae
275 2875 475 2937 proposuere,
506 2858 685 2918 confirment.
727 2857 836 2918 Verum
863 2857 961 2934 priora
983 2854 1035 2913 illa

44 2938 71 2998 ad
93 2961 199 3020 pueros
224 2943 335 3020 magis,
363 2943 437 3002 haec
462 2943 615 3020 sequentia
639 2941 675 3001 ad
702 2941 885 3002 robustiores
907 2940 1034 3018 pertine·

44 3020 116 3101 bunt,
139 3047 205 3088 curn
228 3028 432 3104 grammatices
457 3044 538 3086 amor
560 3034 590 3085 et
617 3044 686 3088 usus
712 3026 847 3086 lectionis
869 3041 927 3084 non
949 3021 1034 3082 scho-

43 3101 118 3166 lar-
141 3111 324 3190 temporibus
348 3111 400 3170 sed
421 3111 499 3170 vitae
522 3112 616 3190 spatio
640 3111 839 3170 terminentur.
875 3185 876 3188 Ἴ

136 3215 145 3254 ι
158 3195 361 3275 praelegendo
373 3198 579 3273 grammaticus
591 3203 621 3253 et
635 3193 686 3253 illa
699 3195 814 3272 quidem
828 3193 939 3252 minora
950 3209 1034 3270 prae·
1044 3203 1077 3258 13

43 3282 72 3334 rtr
108 3279 267 3354 debebit,
290 3287 320 3338 ut
350 3287 449 3358 partes
471 3280 611 3341 orationis
637 3277 719 3338 reddi
747 3277 802 3337 sibi
827 3277 924 3336 soluto
947 3293 1035 3334 versu

43 3356 71 3418 de
104 3363 178 3423 leret
206 3373 237 3422 et
258 3362 364 3440 pedum
390 3365 605 3442 proprietates,
638 3379 712 3440 quae
739 3362 813 3422 adeo
839 3358 945 3418 debent
968 3376 1036 3417 esse

44 3457 72 3500 to
136 3448 165 3506 iu
188 3445 380 3525 carminibus,
402 3456 433 3506 ut
451 3449 536 3508 etiam
557 3449 584 3507 in
603 3448 730 3506 oratoria
753 3444 964 3523 compositione
986 3441 1036 3502 de·
