2494 3952
174 202 233 264 174
478 211 515 259 u.
532 209 610 257 san.
626 206 846 268 ourunrursru

170 368 322 446 incipiant;
344 380 402 444 quo
420 362 584 443 pudendum
602 371 650 422 est
663 361 765 439 magis,
782 360 808 420 si
823 359 1022 422 difficultatem
1036 360 1104 422 lacit
1119 361 1167 422 do·

172 451 271 512 ctrina.
304 447 369 509 Non
385 465 457 526 ergo
474 463 590 526 semper
604 455 735 524 putemus
753 446 891 522 optimum
908 461 976 504 esse
993 441 1070 522 quod
1086 446 1168 512 laten

171 535 402 594 immutescamus
419 532 539 609 alioqui,
562 531 587 588 si
602 529 672 590 nihil
687 528 838 590 dicendum
852 527 1000 604 videatur,
1022 529 1076 588 nisi
1095 529 1170 607 quod

128 625 227 682 llncu
239 617 407 677 invenimus.
444 614 598 674 Diversum
613 622 660 673 est
681 612 748 672 huic
769 628 869 670 eorum
883 611 1000 686 vitium,
1016 611 1064 690 qui
1080 613 1171 690 primu

170 700 327 760 decurrere
344 716 399 778 per
413 700 560 758 materiam
577 697 643 757 stilo
660 713 744 774 quam
761 694 949 754 velocissimo
964 694 1065 755 volunt
1082 705 1111 755 et
1126 713 1170 756 se·

8 847 9 852 ,
171 792 293 863 quentes
314 782 442 843 calorem
464 790 551 859 atque
571 781 706 859 impetum
728 796 766 839 ex
786 788 918 856 tempore
935 777 1076 846 scribunt3
1100 779 1173 840 banc

8 881 9 920 t
169 869 278 931 siloam
294 875 408 927 vocant.
451 864 597 944 Repetunt
617 863 721 924 deinde
738 870 768 923 et
784 871 960 940 componunt
975 879 1049 940 quae
1065 862 1173 923 elinde-

167 957 246 1019 'raut;
263 951 315 1012 sed
333 948 423 1010 verba
435 947 621 1008 emendantur
636 947 796 1022 elnonem,
812 955 909 1006 manet
922 947 950 1004 in
960 945 1048 1006 rebus
1064 956 1174 1006 temere

128 1034 317 1111 lttcongestis
344 1050 419 1111 quae
438 1032 492 1092 luit
508 1032 622 1093 levitas.
663 1031 795 1090 Protinus
818 1045 890 1106 ergo
913 1028 1052 1090 adhibere
1076 1047 1173 1090 curam

169 1119 279 1197 rectiuq
300 1118 354 1176 erit
374 1124 461 1194 atque
485 1115 520 1175 ab
542 1116 621 1174 initio
648 1115 692 1175 sic
717 1130 790 1192 opos
811 1113 938 1188 ducere,
957 1121 988 1174 ut
1004 1112 1174 1173 caelandum
1237 1129 1238 1168 1

169 1218 227 1261 nou
245 1217 283 1260 en
308 1202 422 1277 integro
447 1197 642 1259 fabricandum
665 1199 711 1256 sit.
752 1196 915 1273 Aliquando
939 1205 1034 1256 tamen
1049 1196 1175 1256 effectus

170 1301 335 1362 sequemur,
354 1282 499 1362 inquibus
515 1282 579 1342 iere
595 1281 661 1359 plus
677 1281 758 1340 calor
774 1297 858 1358 quam
876 1279 1024 1357 diligentia
1039 1280 1129 1340 valet.

254 1368 330 1428 Satis
344 1374 464 1444 apparet
481 1385 517 1426 ex
529 1381 576 1439 eo,
594 1363 671 1442 quod
682 1363 756 1424 hanc
767 1362 954 1422 scribentium
965 1363 1174 1439 negligentiam

129 1459 162 1514 19
171 1449 284 1526 damno,
300 1450 367 1526 quid
377 1450 419 1510 'de
433 1450 489 1508 illis
506 1447 670 1508 dictandi
692 1447 803 1508 deliciis
822 1448 952 1506 sentiam.
979 1444 1051 1506 Nam
1064 1446 1092 1505 in
1104 1446 1174 1506 stilo

171 1534 286 1611 quidem
303 1531 458 1610 quamlibet
479 1540 636 1610 properato
660 1532 709 1591 dat
727 1530 851 1608 aliquam
873 1530 1040 1606 cogitationi
1063 1546 1174 1588 moram
1204 1559 1213 1570 ·

170 1634 227 1675 non
249 1633 432 1692 consequens
455 1613 632 1675 celeritatem
661 1616 724 1674 eius
744 1631 857 1682 manum
888 1613 940 1672 ille
965 1614 1011 1673 cui
1031 1613 1173 1674 dictamus

169 1707 269 1777 urget,
293 1707 380 1777 atque
403 1697 515 1759 interim
536 1697 624 1776 pudet
645 1699 731 1757 etiam
751 1697 881 1756 dubitare
905 1706 952 1757 aut
969 1697 1108 1756 resistere
1125 1706 1175 1756 eut

126 1792 278 1846 obmutare
294 1783 376 1861 quasi
393 1783 540 1842 conscium
557 1781 725 1841 infirmitatis
743 1789 860 1840 nostrae
875 1780 1016 1841 timentes.
1048 1779 1112 1853 Quo
1126 1780 1172 1854 tu,

8 1867 51 1876 “”
169 1876 200 1926 ut
220 1882 277 1926 uon
292 1864 372 1927 rudia
394 1873 500 1925 tantum
523 1873 553 1924 et
568 1865 684 1924 fortuita
702 1865 754 1924 sed
776 1865 931 1942 impropria
953 1863 1083 1938 interim,
1104 1863 1173 1922 dum

170 1950 233 2011 sola
250 1958 295 2009 est
317 1948 507 2010 connectendi
528 1949 670 2008 sermonis
688 1948 844 2026 cupiditas,
862 1947 994 2021 effluant,
1019 1964 1093 2024 quae
1114 1964 1175 2005 nec

170 2032 356 2092 scribentium
376 2050 473 2092 curam
488 2049 543 2091 nec
560 2032 713 2092 dicentium
724 2033 860 2109 impetum
877 2037 1101 2108 consequantur.
1134 2029 1175 2088 At

169 2116 245 2177 idem
263 2115 326 2192 ille,
345 2117 393 2194 qui
405 2116 532 2193 excipit,
550 2117 574 2173 si
589 2114 698 2175 tardior
713 2113 911 2174 inscribendo
927 2123 974 2172 aut
989 2113 1129 2172 incertior
1146 2115 1174 2171 in

170 2198 296 2277 legendo
315 2200 395 2259 velut
414 2199 573 2258 offensator
588 2198 655 2258 fuit:
673 2197 816 2258 inhibetur
831 2215 945 2273 cursare,
963 2205 1049 2274 atque
1067 2198 1174 2272 omnis,

170 2292 337 2360 quaecum,
363 2291 525 2362 conceptae
545 2283 648 2341 mentis
671 2282 792 2341 intentio
812 2298 892 2340 mora
908 2289 937 2340 et
953 2281 1094 2340 interdum
1116 2281 1175 2339 ira·

126 2377 158 2429 21
169 2367 270 2426 cundia
286 2369 438 2426 excutitur.
477 2363 547 2424 'lum
569 2365 634 2440 itta,
657 2382 731 2442 quae
749 2363 881 2424 altiorem
898 2365 982 2424 auimi
1002 2372 1109 2426 motum
1126 2359 1175 2423 se·

169 2457 291 2525 quuntur
303 2466 436 2526 quaeque
448 2450 511 2526 ipsa
524 2449 644 2507 animum
656 2448 866 2527 quodammodo
879 2449 1032 2522 concitant,
1050 2463 1177 2524 quorum

169 2539 214 2590 est
227 2531 335 2590 iactare
350 2549 477 2607 manum,
501 2539 640 2609 torquere
655 2531 779 2606 vultum,
801 2533 891 2592 sinum
913 2540 943 2591 et
963 2530 1039 2590 latus
1058 2532 1178 2590 interim

169 2613 340 2692 obiurgare,
357 2632 491 2694 quaeque
506 2613 622 2674 Persius
642 2623 731 2690 notat,
751 2632 814 2674 cunr
829 2615 934 2674 leviter
950 2613 1063 2675 dicendi
1078 2631 1179 2691 genus

167 2698 319 2774 siguificat,
690 2758 692 2764 ,

195 2780 260 2843 Nec
273 2784 418 2860 pluteum,
434 2783 542 2862 inquit,
561 2783 664 2845 coedit
678 2800 735 2842 uec
751 2783 907 2844 demorsos
920 2784 1004 2860 eupit
1016 2801 1150 2860 anem,

124 2865 251 2928 ucetiam
265 2865 387 2926 ridicula
402 2875 483 2942 sunt,
505 2867 559 2924 uisi
581 2883 644 2926 cum
667 2865 724 2925 soli
739 2881 846 2926 sumus.
886 2863 1019 2945 Denique
1034 2874 1064 2925 ut
1078 2865 1180 2926 semel

168 2946 245 3025 quod
269 2957 315 3007 est
337 2950 566 3027 potentissimum
589 2949 697 3024 dicam,
721 2957 866 3008 secretum
889 2949 918 3008 in
933 2948 1067 3008 dictando
1084 2950 1179 3026 perit.

168 3030 265 3108 Atque
287 3029 409 3094 liberum
432 3031 547 3092 arbitris
571 3032 666 3092 locum
690 3041 719 3092 et
741 3050 825 3111 quam
839 3031 1006 3092 altissimum
1026 3031 1181 3093 silentium

167 3113 365 3174 scribentibus·
375 3117 497 3183 maxime
514 3117 671 3176 convenire
682 3133 767 3176 nemo
779 3114 980 3176 dubitaverit*
994 3113 1182 3175 Nontemen

166 3198 297 3275 protinus
313 3197 462 3273 audiendi,
485 3200 533 3276 qui
556 3199 677 3260 credunt
696 3200 843 3278 aptissima
863 3200 892 3260 in
906 3198 964 3259 boc
985 3213 1106 3258 nemora
1124 3199 1181 3260 sil·

54 3279 56 3288 '
165 3297 287 3358 vasque,
305 3280 383 3359 quod
398 3280 446 3341 illa
465 3281 542 3341 coeli
556 3281 688 3359 libertas,
705 3281 836 3343 locorum
848 3282 1007 3343 amoenitas
1018 3280 1181 3342 sublimem

123 3366 287 3432 esanimum
309 3373 339 3424 et
360 3364 519 3426 beatiorem
538 3366 668 3444 spiritum
688 3374 801 3444 parent.
843 3364 912 3426 litii
932 3373 1012 3426 certe
1029 3363 1181 3425 iucundus

166 3444 325 3524 interregis
347 3449 609 3530 quamstudiorum
633 3448 765 3511 hortator
790 3449 905 3514 videtur
928 3466 995 3512 esse
1019 3465 1178 3510 secessus.
