<?xml version="1.0" encoding="UTF-8"?>
<!DOCTYPE html PUBLIC "-//W3C//DTD XHTML 1.0 Transitional//EN"
    "http://www.w3.org/TR/xhtml1/DTD/xhtml1-transitional.dtd">
<html xmlns="http://www.w3.org/1999/xhtml" xml:lang="en" lang="en">
 <head>
  <title>
</title>
<meta http-equiv="Content-Type" content="text/html;charset=utf-8" />
  <meta name='ocr-system' content='tesseract 3.04.00' />
  <meta name='ocr-capabilities' content='ocr_page ocr_carea ocr_par ocr_line ocrx_word'/>
</head>
<body>
  <div class='ocr_page' id='page_1' title='image "./mfabiiquintilia04quingoog_0233.png"; bbox 0 0 2508 3958; ppageno 0'>
   <div class='ocr_carea' id='block_1_1' title="bbox 174 139 854 210">
    <p class='ocr_par' dir='ltr' id='par_1_1' title="bbox 174 139 854 210">
     <span class='ocr_line' id='line_1_1' title="bbox 174 139 854 210; baseline -0.006 -10"><span class='ocrx_word' id='word_1_1' title='bbox 174 139 235 200; x_wconf 80' lang='lat'>242</span> <span class='ocrx_word' id='word_1_2' title='bbox 493 149 854 210; x_wconf 74' lang='lat' dir='ltr'>m.snn.ou1us1n1nu1</span> 
     </span>
    </p>
   </div>
   <div class='ocr_carea' id='block_1_2' title="bbox 175 301 1178 386">
    <p class='ocr_par' dir='ltr' id='par_1_2' title="bbox 175 301 1178 386">
     <span class='ocr_line' id='line_1_2' title="bbox 175 301 1178 386; baseline 0.001 -19"><span class='ocrx_word' id='word_1_3' title='bbox 175 327 231 386; x_wconf 88' lang='lat' dir='ltr'>que</span> <span class='ocrx_word' id='word_1_4' title='bbox 251 308 277 369; x_wconf 92' lang='lat' dir='ltr'>ei</span> <span class='ocrx_word' id='word_1_5' title='bbox 293 306 423 385; x_wconf 88' lang='lat' dir='ltr'>protinus</span> <span class='ocrx_word' id='word_1_6' title='bbox 438 303 656 384; x_wconf 77' lang='lat' dir='ltr'>probationem,</span> <span class='ocrx_word' id='word_1_7' title='bbox 673 304 759 383; x_wconf 88' lang='lat' dir='ltr'>quale</span> <span class='ocrx_word' id='word_1_8' title='bbox 774 321 828 382; x_wconf 94' lang='lat' dir='ltr'>pro</span> <span class='ocrx_word' id='word_1_9' title='bbox 843 303 972 382; x_wconf 78' lang='lat' dir='ltr'>Ligario,</span> <span class='ocrx_word' id='word_1_10' title='bbox 992 301 1098 368; x_wconf 74' lang='lat' dir='ltr'>Causa</span> <span class='ocrx_word' id='word_1_11' title='bbox 1111 313 1178 368; x_wconf 82' lang='lat' dir='ltr'>tam</span> 
     </span>
    </p>
   </div>
   <div class='ocr_carea' id='block_1_3' title="bbox 140 389 1240 3484">
    <p class='ocr_par' dir='ltr' id='par_1_3' title="bbox 117 389 1240 3484">
     <span class='ocr_line' id='line_1_3' title="bbox 174 389 1237 468; baseline -0.001 -16"><span class='ocrx_word' id='word_1_12' title='bbox 174 393 287 468; x_wconf 78' lang='lat' dir='ltr'>dubio,</span> <span class='ocrx_word' id='word_1_13' title='bbox 309 390 391 468; x_wconf 79' lang='lat' dir='ltr'>quod</span> <span class='ocrx_word' id='word_1_14' title='bbox 405 395 475 451; x_wconf 84' lang='lat' dir='ltr'>erat</span> <span class='ocrx_word' id='word_1_15' title='bbox 487 389 608 467; x_wconf 80' lang='lat' dir='ltr'>aliquid</span> <span class='ocrx_word' id='word_1_16' title='bbox 626 389 660 448; x_wconf 81' lang='lat' dir='ltr'>in</span> <span class='ocrx_word' id='word_1_17' title='bbox 673 397 804 466; x_wconf 80' lang='lat' dir='ltr'>utraque</span> <span class='ocrx_word' id='word_1_18' title='bbox 816 397 925 467; x_wconf 83' lang='lat' dir='ltr'>porte,</span> <span class='ocrx_word' id='word_1_19' title='bbox 947 391 1030 467; x_wconf 77' lang='lat' dir='ltr'>quod</span> <span class='ocrx_word' id='word_1_20' title='bbox 1039 391 1180 468; x_wconf 70' lang='lat' dir='ltr'>probam·</span> <span class='ocrx_word' id='word_1_21' title='bbox 1234 413 1237 424; x_wconf 87' lang='grc'>·</span> 
     </span>
     <span class='ocr_line' id='line_1_4' title="bbox 172 471 1178 554; baseline -0.002 -18"><span class='ocrx_word' id='word_1_22' title='bbox 172 484 292 554; x_wconf 66' lang='lat' dir='ltr'>posset·</span> <span class='ocrx_word' id='word_1_23' title='bbox 306 493 389 535; x_wconf 83' lang='lat' dir='ltr'>nuno</span> <span class='ocrx_word' id='word_1_24' title='bbox 402 474 507 535; x_wconf 79' lang='lat' dir='ltr'>melior</span> <span class='ocrx_word' id='word_1_25' title='bbox 519 488 557 534; x_wconf 86' lang='lat' dir='ltr'>eo</span> <span class='ocrx_word' id='word_1_26' title='bbox 567 471 740 534; x_wconf 77' lang='lat' dir='ltr'>iudicando</span> <span class='ocrx_word' id='word_1_27' title='bbox 751 481 806 549; x_wconf 82' lang='lat' dir='ltr'>eat,</span> <span class='ocrx_word' id='word_1_28' title='bbox 822 487 914 550; x_wconf 79' lang='lat' dir='ltr'>quom</span> <span class='ocrx_word' id='word_1_29' title='bbox 926 475 1017 535; x_wconf 84' lang='lat' dir='ltr'>etium</span> <span class='ocrx_word' id='word_1_30' title='bbox 1029 473 1074 534; x_wconf 80' lang='lat' dir='ltr'>dii</span> <span class='ocrx_word' id='word_1_31' title='bbox 1085 475 1178 535; x_wconf 80' lang='lat' dir='ltr'>adiu-</span> 
     </span>
     <span class='ocr_line' id='line_1_5' title="bbox 172 555 1179 634; baseline -0.004 -14"><span class='ocrx_word' id='word_1_32' title='bbox 172 568 296 628; x_wconf 81' lang='lat' dir='ltr'>verunt;</span> <span class='ocrx_word' id='word_1_33' title='bbox 315 557 404 618; x_wconf 88' lang='lat' dir='ltr'>hahet</span> <span class='ocrx_word' id='word_1_34' title='bbox 426 559 500 616; x_wconf 86' lang='lat' dir='ltr'>enim</span> <span class='ocrx_word' id='word_1_35' title='bbox 522 557 663 617; x_wconf 88' lang='lat' dir='ltr'>rationem</span> <span class='ocrx_word' id='word_1_36' title='bbox 690 563 720 614; x_wconf 85' lang='lat' dir='ltr'>et</span> <span class='ocrx_word' id='word_1_37' title='bbox 742 556 988 634; x_wconf 77' lang='lat' dir='ltr'>propositionem,</span> <span class='ocrx_word' id='word_1_38' title='bbox 1009 555 1179 617; x_wconf 86' lang='lat' dir='ltr'>nonhabet</span> 
     </span>
     <span class='ocr_line' id='line_1_6' title="bbox 145 637 1179 717; baseline -0.004 -13"><span class='ocrx_word' id='word_1_39' title='bbox 145 642 399 704; x_wconf 73' lang='lat' dir='ltr'>aeonolnsionem.</span> <span class='ocrx_word' id='word_1_40' title='bbox 450 638 492 701; x_wconf 88' lang='lat' dir='ltr'>lta</span> <span class='ocrx_word' id='word_1_41' title='bbox 520 649 565 699; x_wconf 88' lang='lat' dir='ltr'>est</span> <span class='ocrx_word' id='word_1_42' title='bbox 590 639 642 700; x_wconf 89' lang='lat' dir='ltr'>ille</span> <span class='ocrx_word' id='word_1_43' title='bbox 668 637 855 717; x_wconf 76' lang='lat' dir='ltr'>imperfectus</span> <span class='ocrx_word' id='word_1_44' title='bbox 882 639 1081 716; x_wconf 76' lang='lat' dir='ltr'>syllogismus.</span> <span class='ocrx_word' id='word_1_45' title='bbox 1128 638 1179 700; x_wconf 86' lang='lat' dir='ltr'>Ex</span> 
     </span>
     <span class='ocr_line' id='line_1_7' title="bbox 173 722 1178 805; baseline -0.004 -19"><span class='ocrx_word' id='word_1_46' title='bbox 173 724 428 805; x_wconf 76' lang='lat' dir='ltr'>pugnantibus</span> <span class='ocrx_word' id='word_1_47' title='bbox 445 740 533 798; x_wconf 87' lang='lat' dir='ltr'>vero,</span> <span class='ocrx_word' id='word_1_48' title='bbox 551 723 731 803; x_wconf 82' lang='lat' dir='ltr'>quodetiam</span> <span class='ocrx_word' id='word_1_49' title='bbox 748 723 843 783; x_wconf 89' lang='lat' dir='ltr'>solum</span> <span class='ocrx_word' id='word_1_50' title='bbox 859 722 1040 799; x_wconf 78' lang='lat' dir='ltr'>enthymema</span> <span class='ocrx_word' id='word_1_51' title='bbox 1058 724 1178 802; x_wconf 84' lang='lat' dir='ltr'>quidam</span> 
     </span>
     <span class='ocr_line' id='line_1_8' title="bbox 172 804 1232 887; baseline -0.002 -19"><span class='ocrx_word' id='word_1_52' title='bbox 172 817 295 886; x_wconf 61' lang='lat' dir='ltr'>ironam,</span> <span class='ocrx_word' id='word_1_53' title='bbox 320 808 424 868; x_wconf 90' lang='lat' dir='ltr'>lortior</span> <span class='ocrx_word' id='word_1_54' title='bbox 438 807 528 867; x_wconf 90' lang='lat' dir='ltr'>multo</span> <span class='ocrx_word' id='word_1_55' title='bbox 549 805 683 885; x_wconf 85' lang='lat' dir='ltr'>probatio</span> <span class='ocrx_word' id='word_1_56' title='bbox 701 815 756 867; x_wconf 85' lang='lat' dir='ltr'>est.</span> <span class='ocrx_word' id='word_1_57' title='bbox 795 805 867 867; x_wconf 85' lang='lat' dir='ltr'>Tale</span> <span class='ocrx_word' id='word_1_58' title='bbox 885 815 931 868; x_wconf 86' lang='lat' dir='ltr'>est</span> <span class='ocrx_word' id='word_1_59' title='bbox 952 804 1103 868; x_wconf 77' lang='lat' dir='ltr'>Ciceronis</span> <span class='ocrx_word' id='word_1_60' title='bbox 1119 824 1178 887; x_wconf 90' lang='lat' dir='ltr'>pro</span> <span class='ocrx_word' id='word_1_61' title='bbox 1229 870 1232 880; x_wconf 55' lang='grc'>,</span> 
     </span>
     <span class='ocr_line' id='line_1_9' title="bbox 172 889 1179 970; baseline 0 -18"><span class='ocrx_word' id='word_1_62' title='bbox 172 893 296 954; x_wconf 82' lang='lat' dir='ltr'>Milone:</span> <span class='ocrx_word' id='word_1_63' title='bbox 321 889 399 954; x_wconf 80' lang='lat' dir='ltr'>llius</span> <span class='ocrx_word' id='word_1_64' title='bbox 418 892 512 970; x_wconf 74' lang='lat' dir='ltr'>igitur</span> <span class='ocrx_word' id='word_1_65' title='bbox 526 891 631 952; x_wconf 78' lang='lat' dir='ltr'>mortis</span> <span class='ocrx_word' id='word_1_66' title='bbox 645 891 758 952; x_wconf 78' lang='lat' dir='ltr'>sedetis</span> <span class='ocrx_word' id='word_1_67' title='bbox 775 891 904 966; x_wconf 83' lang='lat' dir='ltr'>ultores,</span> <span class='ocrx_word' id='word_1_68' title='bbox 928 892 1016 952; x_wconf 81' lang='lat' dir='ltr'>euius</span> <span class='ocrx_word' id='word_1_69' title='bbox 1033 891 1130 952; x_wconf 82' lang='lat' dir='ltr'>otiam</span> <span class='ocrx_word' id='word_1_70' title='bbox 1149 893 1179 952; x_wconf 81' lang='lat' dir='ltr'>si</span> 
     </span>
     <span class='ocr_line' id='line_1_10' title="bbox 146 972 1179 1056; baseline -0.005 -17"><span class='ocrx_word' id='word_1_71' title='bbox 146 988 163 1039; x_wconf 85' lang='lat'><strong>3</strong></span> <span class='ocrx_word' id='word_1_72' title='bbox 172 979 285 1056; x_wconf 84' lang='lat' dir='ltr'>putetis</span> <span class='ocrx_word' id='word_1_73' title='bbox 294 994 356 1055; x_wconf 82' lang='lat' dir='ltr'>per</span> <span class='ocrx_word' id='word_1_74' title='bbox 369 993 424 1037; x_wconf 82' lang='lat' dir='ltr'>ooa</span> <span class='ocrx_word' id='word_1_75' title='bbox 437 973 557 1036; x_wconf 81' lang='lat' dir='ltr'>restitui</span> <span class='ocrx_word' id='word_1_76' title='bbox 571 992 679 1054; x_wconf 76' lang='lat' dir='ltr'>posse,</span> <span class='ocrx_word' id='word_1_77' title='bbox 699 974 809 1035; x_wconf 72' lang='lat' dir='ltr'>aolino.</span> <span class='ocrx_word' id='word_1_78' title='bbox 851 972 936 1047; x_wconf 80' lang='lat' dir='ltr'>Quod</span> <span class='ocrx_word' id='word_1_79' title='bbox 956 973 1073 1052; x_wconf 87' lang='lat' dir='ltr'>quidem</span> <span class='ocrx_word' id='word_1_80' title='bbox 1088 975 1179 1034; x_wconf 89' lang='lat' dir='ltr'>etiam</span> 
     </span>
     <span class='ocr_line' id='line_1_11' title="bbox 174 1055 1178 1139; baseline -0.002 -19"><span class='ocrx_word' id='word_1_81' title='bbox 174 1058 326 1139; x_wconf 86' lang='lat' dir='ltr'>aliquando</span> <span class='ocrx_word' id='word_1_82' title='bbox 342 1056 526 1136; x_wconf 87' lang='lat' dir='ltr'>multipliouri</span> <span class='ocrx_word' id='word_1_83' title='bbox 541 1055 635 1132; x_wconf 87' lang='lat' dir='ltr'>solet,</span> <span class='ocrx_word' id='word_1_84' title='bbox 658 1065 690 1116; x_wconf 89' lang='lat' dir='ltr'>ut</span> <span class='ocrx_word' id='word_1_85' title='bbox 710 1065 756 1117; x_wconf 90' lang='lat' dir='ltr'>est</span> <span class='ocrx_word' id='word_1_86' title='bbox 779 1055 815 1118; x_wconf 93' lang='lat' dir='ltr'>ab</span> <span class='ocrx_word' id='word_1_87' title='bbox 834 1057 938 1119; x_wconf 87' lang='lat' dir='ltr'>eodem</span> <span class='ocrx_word' id='word_1_88' title='bbox 954 1066 984 1117; x_wconf 88' lang='lat' dir='ltr'>et</span> <span class='ocrx_word' id='word_1_89' title='bbox 998 1073 1053 1136; x_wconf 91' lang='lat' dir='ltr'>pro</span> <span class='ocrx_word' id='word_1_90' title='bbox 1070 1057 1178 1118; x_wconf 87' lang='lat' dir='ltr'>eodem</span> 
     </span>
     <span class='ocr_line' id='line_1_12' title="bbox 173 1139 1180 1220; baseline 0.001 -17"><span class='ocrx_word' id='word_1_91' title='bbox 173 1161 225 1203; x_wconf 89' lang='lat' dir='ltr'>reo</span> <span class='ocrx_word' id='word_1_92' title='bbox 244 1144 367 1205; x_wconf 82' lang='lat' dir='ltr'>laetum:</span> <span class='ocrx_word' id='word_1_93' title='bbox 397 1139 492 1215; x_wconf 81' lang='lat' dir='ltr'>Quom</span> <span class='ocrx_word' id='word_1_94' title='bbox 506 1141 600 1220; x_wconf 75' lang='lat' dir='ltr'>igitar</span> <span class='ocrx_word' id='word_1_95' title='bbox 616 1159 685 1202; x_wconf 83' lang='lat' dir='ltr'>oum</span> <span class='ocrx_word' id='word_1_96' title='bbox 698 1143 830 1202; x_wconf 79' lang='lat' dir='ltr'>omnium</span> <span class='ocrx_word' id='word_1_97' title='bbox 845 1142 951 1220; x_wconf 79' lang='lat' dir='ltr'>pratia</span> <span class='ocrx_word' id='word_1_98' title='bbox 966 1142 1079 1218; x_wconf 80' lang='lat' dir='ltr'>noluit,</span> <span class='ocrx_word' id='word_1_99' title='bbox 1092 1141 1180 1205; x_wconf 56' lang='lat' dir='ltr'>,hune</span> 
     </span>
     <span class='ocr_line' id='line_1_13' title="bbox 172 1225 1178 1305; baseline 0 -17"><span class='ocrx_word' id='word_1_100' title='bbox 172 1228 266 1289; x_wconf 80' lang='lat' dir='ltr'>voluit</span> <span class='ocrx_word' id='word_1_101' title='bbox 287 1247 355 1289; x_wconf 83' lang='lat' dir='ltr'>eum</span> <span class='ocrx_word' id='word_1_102' title='bbox 377 1227 551 1305; x_wconf 82' lang='lat' dir='ltr'>aliquorum</span> <span class='ocrx_word' id='word_1_103' title='bbox 578 1225 727 1302; x_wconf 79' lang='lat' dir='ltr'>querela?</span> <span class='ocrx_word' id='word_1_104' title='bbox 754 1241 843 1304; x_wconf 79' lang='lat' dir='ltr'>quem</span> <span class='ocrx_word' id='word_1_105' title='bbox 868 1226 956 1300; x_wconf 81' lang='lat' dir='ltr'>iure,</span> <span class='ocrx_word' id='word_1_106' title='bbox 982 1240 1071 1303; x_wconf 81' lang='lat' dir='ltr'>quem</span> <span class='ocrx_word' id='word_1_107' title='bbox 1098 1226 1178 1302; x_wconf 87' lang='lat' dir='ltr'>loeo,</span> 
     </span>
     <span class='ocr_line' id='line_1_14' title="bbox 174 1309 1178 1388; baseline 0.001 -17"><span class='ocrx_word' id='word_1_108' title='bbox 174 1327 262 1388; x_wconf 84' lang='lat' dir='ltr'>quem</span> <span class='ocrx_word' id='word_1_109' title='bbox 276 1317 426 1388; x_wconf 83' lang='lat' dir='ltr'>tempore,</span> <span class='ocrx_word' id='word_1_110' title='bbox 449 1324 537 1387; x_wconf 74' lang='lat' dir='ltr'>praem</span> <span class='ocrx_word' id='word_1_111' title='bbox 553 1309 675 1386; x_wconf 82' lang='lat' dir='ltr'>impuno</span> <span class='ocrx_word' id='word_1_112' title='bbox 688 1327 749 1369; x_wconf 79' lang='lat' dir='ltr'>noo</span> <span class='ocrx_word' id='word_1_113' title='bbox 764 1317 809 1372; x_wconf 82' lang='lat' dir='ltr'>est</span> <span class='ocrx_word' id='word_1_114' title='bbox 824 1327 936 1382; x_wconf 73' lang='lat' dir='ltr'>name,</span> <span class='ocrx_word' id='word_1_115' title='bbox 951 1309 1033 1370; x_wconf 84' lang='lat' dir='ltr'>buno</span> <span class='ocrx_word' id='word_1_116' title='bbox 1046 1310 1178 1385; x_wconf 70' lang='lat' dir='ltr'>imario,</span> 
     </span>
     <span class='ocr_line' id='line_1_15' title="bbox 172 1393 1179 1474; baseline 0.001 -21"><span class='ocrx_word' id='word_1_117' title='bbox 172 1395 276 1472; x_wconf 81' lang='lat' dir='ltr'>iniquo</span> <span class='ocrx_word' id='word_1_118' title='bbox 292 1394 374 1469; x_wconf 85' lang='lat' dir='ltr'>loco,</span> <span class='ocrx_word' id='word_1_119' title='bbox 395 1393 498 1462; x_wconf 77' lang='lat' dir='ltr'>alieno</span> <span class='ocrx_word' id='word_1_120' title='bbox 510 1399 660 1470; x_wconf 75' lang='lat' dir='ltr'>temporo,</span> <span class='ocrx_word' id='word_1_121' title='bbox 681 1411 750 1452; x_wconf 84' lang='lat' dir='ltr'>eum</span> <span class='ocrx_word' id='word_1_122' title='bbox 761 1393 901 1472; x_wconf 71' lang='lat' dir='ltr'>pertento</span> <span class='ocrx_word' id='word_1_123' title='bbox 916 1393 1027 1474; x_wconf 78' lang='lat' dir='ltr'>capitis</span> <span class='ocrx_word' id='word_1_124' title='bbox 1040 1411 1101 1454; x_wconf 84' lang='lat' dir='ltr'>aon</span> <span class='ocrx_word' id='word_1_125' title='bbox 1117 1395 1179 1454; x_wconf 84' lang='lat' dir='ltr'>du-</span> 
     </span>
     <span class='ocr_line' id='line_1_16' title="bbox 146 1473 1178 1554; baseline -0.003 -15"><span class='ocrx_word' id='word_1_126' title='bbox 146 1478 280 1542; x_wconf 71' lang='lat' dir='ltr'>tbitonit</span> <span class='ocrx_word' id='word_1_127' title='bbox 293 1476 458 1538; x_wconf 75' lang='lat' dir='ltr'>occidere?</span> <span class='ocrx_word' id='word_1_128' title='bbox 487 1473 630 1551; x_wconf 89' lang='lat' dir='ltr'>Optimum</span> <span class='ocrx_word' id='word_1_129' title='bbox 645 1482 740 1535; x_wconf 87' lang='lat' dir='ltr'>autem</span> <span class='ocrx_word' id='word_1_130' title='bbox 754 1474 869 1536; x_wconf 80' lang='lat' dir='ltr'>videtur</span> <span class='ocrx_word' id='word_1_131' title='bbox 887 1474 1107 1552; x_wconf 75' lang='lat' dir='ltr'>enthymematis</span> <span class='ocrx_word' id='word_1_132' title='bbox 1123 1495 1178 1554; x_wconf 86' lang='lat' dir='ltr'>ge·</span> 
     </span>
     <span class='ocr_line' id='line_1_17' title="bbox 173 1558 1177 1638; baseline 0.002 -20"><span class='ocrx_word' id='word_1_133' title='bbox 173 1578 236 1635; x_wconf 90' lang='lat' dir='ltr'>nus,</span> <span class='ocrx_word' id='word_1_134' title='bbox 255 1576 319 1620; x_wconf 86' lang='lat' dir='ltr'>cum</span> <span class='ocrx_word' id='word_1_135' title='bbox 334 1560 362 1618; x_wconf 93' lang='lat' dir='ltr'>in</span> <span class='ocrx_word' id='word_1_136' title='bbox 378 1558 579 1638; x_wconf 89' lang='lat' dir='ltr'>propositione</span> <span class='ocrx_word' id='word_1_137' title='bbox 595 1558 726 1619; x_wconf 89' lang='lat' dir='ltr'>dissimili</span> <span class='ocrx_word' id='word_1_138' title='bbox 740 1558 790 1620; x_wconf 86' lang='lat' dir='ltr'>vel</span> <span class='ocrx_word' id='word_1_139' title='bbox 806 1560 951 1621; x_wconf 77' lang='lat' dir='ltr'>contraria</span> <span class='ocrx_word' id='word_1_140' title='bbox 966 1561 1040 1621; x_wconf 85' lang='lat' dir='ltr'>ratio</span> <span class='ocrx_word' id='word_1_141' title='bbox 1059 1558 1177 1620; x_wconf 86' lang='lat' dir='ltr'>subiun-</span> 
     </span>
     <span class='ocr_line' id='line_1_18' title="bbox 171 1640 1178 1723; baseline 0.006 -23"><span class='ocrx_word' id='word_1_142' title='bbox 171 1645 259 1720; x_wconf 83' lang='lat' dir='ltr'>gitur,</span> <span class='ocrx_word' id='word_1_143' title='bbox 275 1642 361 1722; x_wconf 88' lang='lat' dir='ltr'>quale</span> <span class='ocrx_word' id='word_1_144' title='bbox 382 1650 428 1703; x_wconf 85' lang='lat' dir='ltr'>est</span> <span class='ocrx_word' id='word_1_145' title='bbox 443 1641 665 1702; x_wconf 85' lang='lat' dir='ltr'>Demosthenis:</span> <span class='ocrx_word' id='word_1_146' title='bbox 685 1640 754 1704; x_wconf 82' lang='lat' dir='ltr'>Nou</span> <span class='ocrx_word' id='word_1_147' title='bbox 778 1645 874 1719; x_wconf 74' lang='lat' dir='ltr'>enim,</span> <span class='ocrx_word' id='word_1_148' title='bbox 895 1646 924 1706; x_wconf 82' lang='lat' dir='ltr'>si</span> <span class='ocrx_word' id='word_1_149' title='bbox 946 1645 1021 1722; x_wconf 80' lang='lat' dir='ltr'>quid</span> <span class='ocrx_word' id='word_1_150' title='bbox 1040 1661 1178 1723; x_wconf 84' lang='lat' dir='ltr'>unquam</span> 
     </span>
     <span class='ocr_line' id='line_1_19' title="bbox 173 1726 1178 1806; baseline 0.001 -18"><span class='ocrx_word' id='word_1_151' title='bbox 173 1736 280 1788; x_wconf 83' lang='lat' dir='ltr'>contro</span> <span class='ocrx_word' id='word_1_152' title='bbox 299 1727 382 1806; x_wconf 73' lang='lat' dir='ltr'>leges</span> <span class='ocrx_word' id='word_1_153' title='bbox 402 1735 505 1790; x_wconf 83' lang='lat' dir='ltr'>uotum</span> <span class='ocrx_word' id='word_1_154' title='bbox 529 1733 589 1803; x_wconf 83' lang='lat' dir='ltr'>ert,</span> <span class='ocrx_word' id='word_1_155' title='bbox 608 1727 703 1804; x_wconf 80' lang='lat' dir='ltr'>idque</span> <span class='ocrx_word' id='word_1_156' title='bbox 721 1733 754 1789; x_wconf 85' lang='lat' dir='ltr'>tu</span> <span class='ocrx_word' id='word_1_157' title='bbox 776 1747 810 1789; x_wconf 85' lang='lat' dir='ltr'>es</span> <span class='ocrx_word' id='word_1_158' title='bbox 829 1729 980 1804; x_wconf 66' lang='lat' dir='ltr'>omnim,</span> <span class='ocrx_word' id='word_1_159' title='bbox 1003 1726 1126 1792; x_wconf 80' lang='lat' dir='ltr'>ideirco</span> <span class='ocrx_word' id='word_1_160' title='bbox 1148 1737 1178 1790; x_wconf 85' lang='lat' dir='ltr'>te</span> 
     </span>
     <span class='ocr_line' id='line_1_20' title="bbox 173 1809 1178 1890; baseline 0.002 -18"><span class='ocrx_word' id='word_1_161' title='bbox 173 1812 311 1874; x_wconf 84' lang='lat' dir='ltr'>convenit</span> <span class='ocrx_word' id='word_1_162' title='bbox 329 1829 431 1890; x_wconf 82' lang='lat' dir='ltr'>poeno</span> <span class='ocrx_word' id='word_1_163' title='bbox 452 1811 582 1873; x_wconf 82' lang='lat' dir='ltr'>liberari</span> <span class='ocrx_word' id='word_1_164' title='bbox 585 1832 600 1882; x_wconf 86' lang='lat'>,·</span> <span class='ocrx_word' id='word_1_165' title='bbox 620 1811 693 1888; x_wconf 77' lang='lat' dir='ltr'>quin</span> <span class='ocrx_word' id='word_1_166' title='bbox 712 1831 730 1872; x_wconf 81' lang='lat' dir='ltr'>e</span> <span class='ocrx_word' id='word_1_167' title='bbox 750 1813 904 1874; x_wconf 79' lang='lat' dir='ltr'>contrario</span> <span class='ocrx_word' id='word_1_168' title='bbox 919 1809 1065 1874; x_wconf 82' lang='lat' dir='ltr'>damnari</span> <span class='ocrx_word' id='word_1_169' title='bbox 1084 1813 1178 1874; x_wconf 85' lang='lat' dir='ltr'>mulio</span> 
     </span>
     <span class='ocr_line' id='line_1_21' title="bbox 172 1891 1177 1973; baseline 0.003 -18"><span class='ocrx_word' id='word_1_170' title='bbox 172 1896 279 1973; x_wconf 75' lang='lat' dir='ltr'>magis.</span> <span class='ocrx_word' id='word_1_171' title='bbox 318 1891 399 1957; x_wconf 86' lang='lat' dir='ltr'>Nom</span> <span class='ocrx_word' id='word_1_172' title='bbox 413 1904 462 1970; x_wconf 83' lang='lat' dir='ltr'>ut,</span> <span class='ocrx_word' id='word_1_173' title='bbox 483 1896 512 1954; x_wconf 85' lang='lat' dir='ltr'>si</span> <span class='ocrx_word' id='word_1_174' title='bbox 527 1894 596 1972; x_wconf 82' lang='lat' dir='ltr'>qais</span> <span class='ocrx_word' id='word_1_175' title='bbox 619 1913 724 1956; x_wconf 83' lang='lat' dir='ltr'>eorum</span> <span class='ocrx_word' id='word_1_176' title='bbox 745 1895 911 1958; x_wconf 78' lang='lat' dir='ltr'>damnatus</span> <span class='ocrx_word' id='word_1_177' title='bbox 928 1905 1026 1971; x_wconf 77' lang='lat' dir='ltr'>esset,</span> <span class='ocrx_word' id='word_1_178' title='bbox 1049 1903 1083 1958; x_wconf 82' lang='lat' dir='ltr'>tu</span> <span class='ocrx_word' id='word_1_179' title='bbox 1097 1895 1177 1958; x_wconf 77' lang='lat' dir='ltr'>isaeo</span> 
     </span>
     <span class='ocr_line' id='line_1_22' title="bbox 172 1975 1211 2058; baseline 0 -18"><span class='ocrx_word' id='word_1_180' title='bbox 172 1979 500 2058; x_wconf 75' lang='lat' dir='ltr'>nonson‘paa&#39;sseseito,</span> <span class='ocrx_word' id='word_1_181' title='bbox 513 1978 759 2040; x_wconf 82' lang='lat' dir='ltr'>damnatustusi</span> <span class='ocrx_word' id='word_1_182' title='bbox 768 1975 877 2053; x_wconf 64' lang='lat' dir='ltr'>fueras,</span> <span class='ocrx_word' id='word_1_183' title='bbox 889 1980 1176 2042; x_wconf 65' lang='lat' dir='ltr'>mnscmtetattns.</span> <span class='ocrx_word' id='word_1_184' title='bbox 1207 1987 1211 1994; x_wconf 93' lang='lat'>&#39;</span> 
     </span>
     <span class='ocr_line' id='line_1_23' title="bbox 144 2058 1215 2142; baseline 0.002 -20"><span class='ocrx_word' id='word_1_185' title='bbox 144 2075 160 2126; x_wconf 83' lang='lat'>5</span> <span class='ocrx_word' id='word_1_186' title='bbox 256 2058 562 2140; x_wconf 82' lang='lat' dir='ltr'>Epiohirematos</span> <span class='ocrx_word' id='word_1_187' title='bbox 586 2070 616 2121; x_wconf 86' lang='lat' dir='ltr'>et</span> <span class='ocrx_word' id='word_1_188' title='bbox 631 2068 767 2140; x_wconf 88' lang='lat' dir='ltr'>quattuor</span> <span class='ocrx_word' id='word_1_189' title='bbox 783 2070 813 2121; x_wconf 86' lang='lat' dir='ltr'>et</span> <span class='ocrx_word' id='word_1_190' title='bbox 828 2063 955 2142; x_wconf 83' lang='lat' dir='ltr'>quinque</span> <span class='ocrx_word' id='word_1_191' title='bbox 971 2071 1001 2124; x_wconf 86' lang='lat' dir='ltr'>et</span> <span class='ocrx_word' id='word_1_192' title='bbox 1019 2080 1074 2123; x_wconf 85' lang='lat' dir='ltr'>sex</span> <span class='ocrx_word' id='word_1_193' title='bbox 1089 2061 1177 2124; x_wconf 87' lang='lat' dir='ltr'>etiam</span> <span class='ocrx_word' id='word_1_194' title='bbox 1210 2082 1215 2095; x_wconf 83' lang='grc'><strong><em>·</em></strong></span> 
     </span>
     <span class='ocr_line' id='line_1_24' title="bbox 171 2142 1176 2226; baseline 0.004 -21"><span class='ocrx_word' id='word_1_195' title='bbox 171 2145 269 2206; x_wconf 80' lang='lat' dir='ltr'>foetae</span> <span class='ocrx_word' id='word_1_196' title='bbox 285 2154 350 2206; x_wconf 88' lang='lat' dir='ltr'>sunt</span> <span class='ocrx_word' id='word_1_197' title='bbox 365 2154 464 2224; x_wconf 89' lang='lat' dir='ltr'>partes</span> <span class='ocrx_word' id='word_1_198' title='bbox 479 2163 496 2205; x_wconf 82' lang='lat' dir='ltr'>a</span> <span class='ocrx_word' id='word_1_199' title='bbox 512 2142 691 2224; x_wconf 83' lang='lat' dir='ltr'>quibusdam.</span> <span class='ocrx_word' id='word_1_200' title='bbox 720 2142 825 2206; x_wconf 81' lang='lat' dir='ltr'>Cicero</span> <span class='ocrx_word' id='word_1_201' title='bbox 842 2147 966 2206; x_wconf 87' lang='lat' dir='ltr'>maxime</span> <span class='ocrx_word' id='word_1_202' title='bbox 982 2148 1110 2226; x_wconf 88' lang='lat' dir='ltr'>quinque</span> <span class='ocrx_word' id='word_1_203' title='bbox 1125 2147 1176 2209; x_wconf 87' lang='lat' dir='ltr'>de·</span> 
     </span>
     <span class='ocr_line' id='line_1_25' title="bbox 172 2227 1177 2310; baseline 0.003 -23"><span class='ocrx_word' id='word_1_204' title='bbox 172 2229 278 2304; x_wconf 86' lang='lat' dir='ltr'>lendit,</span> <span class='ocrx_word' id='word_1_205' title='bbox 307 2238 338 2290; x_wconf 91' lang='lat' dir='ltr'>ut</span> <span class='ocrx_word' id='word_1_206' title='bbox 353 2231 390 2289; x_wconf 86' lang='lat' dir='ltr'>sit</span> <span class='ocrx_word' id='word_1_207' title='bbox 406 2228 570 2310; x_wconf 88' lang='lat' dir='ltr'>propositio</span> <span class='ocrx_word' id='word_1_208' title='bbox 596 2227 700 2290; x_wconf 83' lang='lat' dir='ltr'>deinde</span> <span class='ocrx_word' id='word_1_209' title='bbox 720 2231 794 2290; x_wconf 86' lang='lat' dir='ltr'>ratio</span> <span class='ocrx_word' id='word_1_210' title='bbox 818 2231 880 2290; x_wconf 90' lang='lat' dir='ltr'>eius</span> <span class='ocrx_word' id='word_1_211' title='bbox 896 2240 955 2290; x_wconf 90' lang='lat' dir='ltr'>tum</span> <span class='ocrx_word' id='word_1_212' title='bbox 970 2232 1131 2310; x_wconf 90' lang='lat' dir='ltr'>assumptio</span> <span class='ocrx_word' id='word_1_213' title='bbox 1148 2240 1177 2292; x_wconf 85' lang='lat' dir='ltr'>et</span> 
     </span>
     <span class='ocr_line' id='line_1_26' title="bbox 173 2311 1175 2394; baseline 0.005 -24"><span class='ocrx_word' id='word_1_214' title='bbox 173 2315 235 2370; x_wconf 90' lang='lat' dir='ltr'>eius</span> <span class='ocrx_word' id='word_1_215' title='bbox 250 2311 396 2391; x_wconf 87' lang='lat' dir='ltr'>probatio,</span> <span class='ocrx_word' id='word_1_216' title='bbox 413 2315 511 2391; x_wconf 84' lang='lat' dir='ltr'>quinta</span> <span class='ocrx_word' id='word_1_217' title='bbox 526 2313 708 2391; x_wconf 66' lang='lat' dir='ltr'>complexim</span> <span class='ocrx_word' id='word_1_218' title='bbox 725 2314 792 2392; x_wconf 89' lang='lat' dir='ltr'>qnia</span> <span class='ocrx_word' id='word_1_219' title='bbox 807 2313 879 2375; x_wconf 80' lang='lat' dir='ltr'>&#39;vero</span> <span class='ocrx_word' id='word_1_220' title='bbox 896 2313 1008 2374; x_wconf 88' lang='lat' dir='ltr'>interim</span> <span class='ocrx_word' id='word_1_221' title='bbox 1024 2321 1054 2374; x_wconf 91' lang='lat' dir='ltr'>et</span> <span class='ocrx_word' id='word_1_222' title='bbox 1064 2332 1175 2394; x_wconf 93' lang='lat' dir='ltr'>propo·</span> 
     </span>
     <span class='ocr_line' id='line_1_27' title="bbox 172 2396 1173 2478; baseline 0.01 -26"><span class='ocrx_word' id='word_1_223' title='bbox 172 2396 238 2453; x_wconf 90' lang='lat' dir='ltr'>sitio</span> <span class='ocrx_word' id='word_1_224' title='bbox 256 2411 314 2454; x_wconf 89' lang='lat' dir='ltr'>non</span> <span class='ocrx_word' id='word_1_225' title='bbox 323 2404 411 2474; x_wconf 86' lang='lat' dir='ltr'>egeat</span> <span class='ocrx_word' id='word_1_226' title='bbox 421 2397 541 2456; x_wconf 85' lang='lat' dir='ltr'>rationis</span> <span class='ocrx_word' id='word_1_227' title='bbox 554 2406 583 2456; x_wconf 90' lang='lat' dir='ltr'>et</span> <span class='ocrx_word' id='word_1_228' title='bbox 594 2397 752 2474; x_wconf 89' lang='lat' dir='ltr'>assumptio</span> <span class='ocrx_word' id='word_1_229' title='bbox 765 2398 957 2475; x_wconf 88' lang='lat' dir='ltr'>probationis,</span> <span class='ocrx_word' id='word_1_230' title='bbox 971 2414 1173 2478; x_wconf 83' lang='lat' dir='ltr'>nonnunquam</span> 
     </span>
     <span class='ocr_line' id='line_1_28' title="bbox 173 2478 1173 2561; baseline 0.008 -25"><span class='ocrx_word' id='word_1_231' title='bbox 173 2479 258 2538; x_wconf 89' lang='lat' dir='ltr'>etiam</span> <span class='ocrx_word' id='word_1_232' title='bbox 274 2478 478 2556; x_wconf 76' lang='lat' dir='ltr'>complexione</span> <span class='ocrx_word' id='word_1_233' title='bbox 495 2496 568 2557; x_wconf 90' lang='lat' dir='ltr'>opus</span> <span class='ocrx_word' id='word_1_234' title='bbox 582 2495 639 2540; x_wconf 91' lang='lat' dir='ltr'>nou</span> <span class='ocrx_word' id='word_1_235' title='bbox 655 2481 707 2540; x_wconf 88' lang='lat' dir='ltr'>sit:</span> <span class='ocrx_word' id='word_1_236' title='bbox 730 2488 759 2540; x_wconf 87' lang='lat' dir='ltr'>et</span> <span class='ocrx_word' id='word_1_237' title='bbox 771 2481 1008 2561; x_wconf 83' lang='lat' dir='ltr'>quadripertitam</span> <span class='ocrx_word' id='word_1_238' title='bbox 1025 2491 1054 2542; x_wconf 89' lang='lat' dir='ltr'>et</span> <span class='ocrx_word' id='word_1_239' title='bbox 1069 2485 1106 2549; x_wconf 86' lang='lat' dir='ltr'>tri</span> <span class='ocrx_word' id='word_1_240' title='bbox 1130 2502 1173 2544; x_wconf 83' lang='lat' dir='ltr'>er·</span> 
     </span>
     <span class='ocr_line' id='line_1_29' title="bbox 144 2501 1172 2644; baseline 0.001 -18.974"><span class='ocrx_word' id='word_1_241' title='bbox 144 2573 161 2625; x_wconf 88' lang='lat'>6</span> <span class='ocrx_word' id='word_1_242' title='bbox 171 2563 251 2622; x_wconf 88' lang='lat' dir='ltr'>titam</span> <span class='ocrx_word' id='word_1_243' title='bbox 266 2571 295 2623; x_wconf 91' lang='lat' dir='ltr'>et</span> <span class='ocrx_word' id='word_1_244' title='bbox 310 2561 475 2642; x_wconf 85' lang='lat' dir='ltr'>bipertitam</span> <span class='ocrx_word' id='word_1_245' title='bbox 490 2579 608 2644; x_wconf 79' lang='lat' dir='ltr'>quoquo</span> <span class='ocrx_word' id='word_1_246' title='bbox 631 2563 694 2625; x_wconf 85' lang='lat' dir='ltr'>lieri</span> <span class='ocrx_word' id='word_1_247' title='bbox 709 2580 800 2643; x_wconf 89' lang='lat' dir='ltr'>posse</span> <span class='ocrx_word' id='word_1_248' title='bbox 815 2565 1075 2626; x_wconf 86' lang='lat' dir='ltr'>ratiooinationem.</span> <span class='ocrx_word' id='word_1_249' title='bbox 1106 2501 1172 2629; x_wconf 79' lang='lat' dir='ltr'>bitti</span> 
     </span>
     <span class='ocr_line' id='line_1_30' title="bbox 172 2644 1172 2724; baseline 0.004 -19"><span class='ocrx_word' id='word_1_250' title='bbox 172 2654 201 2705; x_wconf 91' lang='lat' dir='ltr'>et</span> <span class='ocrx_word' id='word_1_251' title='bbox 222 2644 352 2724; x_wconf 90' lang='lat' dir='ltr'>pluribus</span> <span class='ocrx_word' id='word_1_252' title='bbox 372 2646 555 2708; x_wconf 86' lang='lat' dir='ltr'>nihilominus</span> <span class='ocrx_word' id='word_1_253' title='bbox 578 2645 745 2708; x_wconf 81' lang='lat' dir='ltr'>auctoribus</span> <span class='ocrx_word' id='word_1_254' title='bbox 767 2656 847 2711; x_wconf 89' lang='lat' dir='ltr'>tres</span> <span class='ocrx_word' id='word_1_255' title='bbox 869 2666 1008 2710; x_wconf 86' lang='lat' dir='ltr'>summanr</span> <span class='ocrx_word' id='word_1_256' title='bbox 1028 2648 1172 2712; x_wconf 80' lang='lat' dir='ltr'>videntur.</span> 
     </span>
     <span class='ocr_line' id='line_1_31' title="bbox 170 2727 1175 2814; baseline 0.005 -26"><span class='ocrx_word' id='word_1_257' title='bbox 170 2727 242 2790; x_wconf 90' lang='lat' dir='ltr'>Nam</span> <span class='ocrx_word' id='word_1_258' title='bbox 263 2730 301 2790; x_wconf 86' lang='lat' dir='ltr'>ita</span> <span class='ocrx_word' id='word_1_259' title='bbox 323 2748 358 2790; x_wconf 86' lang='lat' dir='ltr'>se</span> <span class='ocrx_word' id='word_1_260' title='bbox 379 2730 467 2791; x_wconf 83' lang='lat' dir='ltr'>habet</span> <span class='ocrx_word' id='word_1_261' title='bbox 487 2731 543 2792; x_wconf 86' lang='lat' dir='ltr'>ista</span> <span class='ocrx_word' id='word_1_262' title='bbox 572 2739 689 2805; x_wconf 84' lang='lat' dir='ltr'>natura,</span> <span class='ocrx_word' id='word_1_263' title='bbox 712 2739 743 2791; x_wconf 88' lang='lat' dir='ltr'>ut</span> <span class='ocrx_word' id='word_1_264' title='bbox 767 2732 820 2809; x_wconf 86' lang='lat' dir='ltr'>sit,</span> <span class='ocrx_word' id='word_1_265' title='bbox 842 2731 879 2796; x_wconf 83' lang='lat' dir='ltr'>tle</span> <span class='ocrx_word' id='word_1_266' title='bbox 895 2748 953 2813; x_wconf 83' lang='lat' dir='ltr'>quo</span> <span class='ocrx_word' id='word_1_267' title='bbox 971 2742 1130 2814; x_wconf 85' lang='lat' dir='ltr'>quaeratur</span> <span class='ocrx_word' id='word_1_268' title='bbox 1146 2742 1175 2794; x_wconf 84' lang='lat' dir='ltr'>et</span> 
     </span>
     <span class='ocr_line' id='line_1_32' title="bbox 171 2813 1173 2894; baseline 0.007 -23"><span class='ocrx_word' id='word_1_269' title='bbox 171 2831 224 2890; x_wconf 88' lang='lat' dir='ltr'>per</span> <span class='ocrx_word' id='word_1_270' title='bbox 240 2814 317 2892; x_wconf 87' lang='lat' dir='ltr'>quod</span> <span class='ocrx_word' id='word_1_271' title='bbox 332 2813 487 2892; x_wconf 87' lang='lat' dir='ltr'>probetur;</span> <span class='ocrx_word' id='word_1_272' title='bbox 513 2815 627 2876; x_wconf 86' lang='lat' dir='ltr'>tertium</span> <span class='ocrx_word' id='word_1_273' title='bbox 648 2814 734 2875; x_wconf 89' lang='lat' dir='ltr'>adiioi</span> <span class='ocrx_word' id='word_1_274' title='bbox 756 2823 855 2894; x_wconf 88' lang='lat' dir='ltr'>potest</span> <span class='ocrx_word' id='word_1_275' title='bbox 877 2816 958 2878; x_wconf 86' lang='lat' dir='ltr'>reiut</span> <span class='ocrx_word' id='word_1_276' title='bbox 974 2835 1013 2879; x_wconf 83' lang='lat' dir='ltr'>ex</span> <span class='ocrx_word' id='word_1_277' title='bbox 1027 2834 1173 2882; x_wconf 82' lang='lat' dir='ltr'>consenso</span> 
     </span>
     <span class='ocr_line' id='line_1_33' title="bbox 171 2895 1173 2978; baseline 0.006 -24"><span class='ocrx_word' id='word_1_278' title='bbox 171 2896 291 2956; x_wconf 88' lang='lat' dir='ltr'>duorum</span> <span class='ocrx_word' id='word_1_279' title='bbox 308 2898 548 2958; x_wconf 77' lang='lat' dir='ltr'>antecedentium.</span> <span class='ocrx_word' id='word_1_280' title='bbox 585 2895 628 2958; x_wconf 88' lang='lat' dir='ltr'>lta</span> <span class='ocrx_word' id='word_1_281' title='bbox 650 2898 705 2958; x_wconf 87' lang='lat' dir='ltr'>erit</span> <span class='ocrx_word' id='word_1_282' title='bbox 725 2897 816 2977; x_wconf 86' lang='lat' dir='ltr'>primo</span> <span class='ocrx_word' id='word_1_283' title='bbox 837 2901 1022 2978; x_wconf 82' lang='lat' dir='ltr'>intentio,</span> <span class='ocrx_word' id='word_1_284' title='bbox 1044 2902 1173 2962; x_wconf 83' lang='lat' dir='ltr'>seeundo</span> 
     </span>
     <span class='ocr_line' id='line_1_34' title="bbox 171 2980 1240 3064; baseline 0.007 -27"><span class='ocrx_word' id='word_1_285' title='bbox 171 2981 388 3058; x_wconf 86' lang='lat' dir='ltr'>assumptio,</span> <span class='ocrx_word' id='word_1_286' title='bbox 411 2983 496 3042; x_wconf 87' lang='lat' dir='ltr'>tertia</span> <span class='ocrx_word' id='word_1_287' title='bbox 521 2982 716 3044; x_wconf 79' lang='lat' dir='ltr'>connexio.</span> <span class='ocrx_word' id='word_1_288' title='bbox 762 2980 835 3045; x_wconf 89' lang='lat' dir='ltr'>Nam</span> <span class='ocrx_word' id='word_1_289' title='bbox 858 2983 1038 3048; x_wconf 80' lang='lat' dir='ltr'>confirmatio</span> <span class='ocrx_word' id='word_1_290' title='bbox 1062 2986 1173 3064; x_wconf 87' lang='lat' dir='ltr'>primae</span> <span class='ocrx_word' id='word_1_291' title='bbox 1235 3029 1240 3064; x_wconf 82' lang='lat'>,</span> 
     </span>
     <span class='ocr_line' id='line_1_35' title="bbox 171 3062 1240 3150; baseline 0.007 -30"><span class='ocrx_word' id='word_1_292' title='bbox 171 3080 205 3121; x_wconf 86' lang='lat' dir='ltr'>ao</span> <span class='ocrx_word' id='word_1_293' title='bbox 221 3062 367 3124; x_wconf 80' lang='lat' dir='ltr'>secundae</span> <span class='ocrx_word' id='word_1_294' title='bbox 383 3066 475 3143; x_wconf 84' lang='lat' dir='ltr'>partis</span> <span class='ocrx_word' id='word_1_295' title='bbox 488 3067 639 3126; x_wconf 82' lang='lat' dir='ltr'>exornatio</span> <span class='ocrx_word' id='word_1_296' title='bbox 661 3074 690 3125; x_wconf 92' lang='lat' dir='ltr'>et</span> <span class='ocrx_word' id='word_1_297' title='bbox 706 3065 815 3128; x_wconf 81' lang='lat' dir='ltr'>eisdem</span> <span class='ocrx_word' id='word_1_298' title='bbox 832 3067 940 3130; x_wconf 80' lang='lat' dir='ltr'>cedere</span> <span class='ocrx_word' id='word_1_299' title='bbox 954 3077 1094 3148; x_wconf 88' lang='lat' dir='ltr'>possunt,</span> <span class='ocrx_word' id='word_1_300' title='bbox 1111 3070 1172 3144; x_wconf 85' lang='lat' dir='ltr'>qui·</span> <span class='ocrx_word' id='word_1_301' title='bbox 1235 3065 1240 3150; x_wconf 72' lang='lat' dir='ltr'>l</span> 
     </span>
     <span class='ocr_line' id='line_1_36' title="bbox 140 3145 1240 3232; baseline 0.005 -24"><span class='ocrx_word' id='word_1_302' title='bbox 140 3145 226 3208; x_wconf 76' lang='lat' dir='ltr'>ibus</span> <span class='ocrx_word' id='word_1_303' title='bbox 242 3146 437 3208; x_wconf 81' lang='lat' dir='ltr'>subiiciuntur.</span> <span class='ocrx_word' id='word_1_304' title='bbox 475 3149 624 3210; x_wconf 89' lang='lat' dir='ltr'>Sumamus</span> <span class='ocrx_word' id='word_1_305' title='bbox 647 3150 722 3210; x_wconf 90' lang='lat' dir='ltr'>enim</span> <span class='ocrx_word' id='word_1_306' title='bbox 743 3168 781 3210; x_wconf 87' lang='lat' dir='ltr'>ex</span> <span class='ocrx_word' id='word_1_307' title='bbox 796 3148 942 3215; x_wconf 77' lang='lat' dir='ltr'>Cicerone</span> <span class='ocrx_word' id='word_1_308' title='bbox 964 3153 1122 3232; x_wconf 73' lang='lat' dir='ltr'>quiuquep</span> <span class='ocrx_word' id='word_1_309' title='bbox 1238 3153 1240 3196; x_wconf 74' lang='lat' dir='ltr'>t</span> 
     </span>
     <span class='ocr_line' id='line_1_37' title="bbox 170 3229 1125 3315; baseline 0.008 -27"><span class='ocrx_word' id='word_1_310' title='bbox 170 3231 239 3290; x_wconf 90' lang='lat' dir='ltr'>tium</span> <span class='ocrx_word' id='word_1_311' title='bbox 256 3231 433 3310; x_wconf 87' lang='lat' dir='ltr'>exemplum:</span> <span class='ocrx_word' id='word_1_312' title='bbox 455 3229 565 3295; x_wconf 77' lang='lat' dir='ltr'>Melius</span> <span class='ocrx_word' id='word_1_313' title='bbox 586 3233 799 3313; x_wconf 77' lang='lat' dir='ltr'>gubernantur</span> <span class='ocrx_word' id='word_1_314' title='bbox 812 3255 867 3313; x_wconf 82' lang='lat' dir='ltr'>eo,</span> <span class='ocrx_word' id='word_1_315' title='bbox 883 3252 964 3315; x_wconf 81' lang='lat' dir='ltr'>quae</span> <span class='ocrx_word' id='word_1_316' title='bbox 979 3236 1105 3299; x_wconf 73' lang='lat' dir='ltr'>cornilio</span> <span class='ocrx_word' id='word_1_317' title='bbox 1121 3257 1125 3296; x_wconf 83' lang='grc' dir='ltr'><strong><em>ι</em></strong></span> 
     </span>
     <span class='ocr_line' id='line_1_38' title="bbox 167 3317 1129 3396; baseline 0.008 -22"><span class='ocrx_word' id='word_1_318' title='bbox 167 3321 284 3391; x_wconf 80' lang='lat' dir='ltr'>punior</span> <span class='ocrx_word' id='word_1_319' title='bbox 310 3332 400 3395; x_wconf 83' lang='lat' dir='ltr'>quam</span> <span class='ocrx_word' id='word_1_320' title='bbox 424 3332 505 3396; x_wconf 78' lang='lat' dir='ltr'>quoe</span> <span class='ocrx_word' id='word_1_321' title='bbox 535 3318 601 3378; x_wconf 77' lang='lat' dir='ltr'>sirm</span> <span class='ocrx_word' id='word_1_322' title='bbox 627 3318 750 3382; x_wconf 69' lang='lat' dir='ltr'>conum</span> <span class='ocrx_word' id='word_1_323' title='bbox 778 3318 1044 3386; x_wconf 79' lang='lat' dir='ltr'>administrantur.</span> <span class='ocrx_word' id='word_1_324' title='bbox 1090 3317 1129 3382; x_wconf 84' lang='lat' dir='ltr'>lla</span> 
     </span>
     <span class='ocr_line' id='line_1_39' title="bbox 171 3399 1123 3484; baseline 0.005 -28"><span class='ocrx_word' id='word_1_325' title='bbox 171 3399 289 3474; x_wconf 88' lang='lat' dir='ltr'>primam</span> <span class='ocrx_word' id='word_1_326' title='bbox 304 3409 417 3480; x_wconf 85' lang='lat' dir='ltr'>partem</span> <span class='ocrx_word' id='word_1_327' title='bbox 432 3408 595 3471; x_wconf 89' lang='lat' dir='ltr'>numerant;</span> <span class='ocrx_word' id='word_1_328' title='bbox 618 3418 681 3462; x_wconf 92' lang='lat' dir='ltr'>eam</span> <span class='ocrx_word' id='word_1_329' title='bbox 703 3402 843 3484; x_wconf 85' lang='lat' dir='ltr'>deinceps</span> <span class='ocrx_word' id='word_1_330' title='bbox 862 3403 1021 3466; x_wconf 88' lang='lat' dir='ltr'>rationibus</span> <span class='ocrx_word' id='word_1_331' title='bbox 1035 3403 1123 3464; x_wconf 83' lang='lat' dir='ltr'>variis</span> 
     </span>
    </p>
   </div>
   <div class='ocr_carea' id='block_1_4' title="bbox 0 0 1258 3958">
    <p class='ocr_par' dir='ltr' id='par_1_4' title="bbox 0 0 1258 3958">
     <span class='ocr_line' id='line_1_40' title="bbox 0 0 1258 3958; baseline 0 0"><span class='ocrx_word' id='word_1_332' title='bbox 0 0 1258 3958; x_wconf 95' lang='lat' dir='ltr'> </span> 
     </span>
    </p>
   </div>
  </div>
 </body>
</html>
