2436 3956
193 217 233 281 84
500 229 536 276 m.
559 228 639 278 aaa.
662 226 883 289 Qumrmrarm

275 383 408 445 Pluribus
423 391 518 443 autem
529 381 627 442 verbis
641 401 705 444 cnm
719 382 764 459 id,
782 382 859 461 quod
874 400 931 442 uuo
947 393 994 443 aut
1008 383 1167 463 paucioribus

191 476 273 530 certa
292 468 484 546 dicipotaet,
507 465 686 545 explicatur,
706 466 942 546 περίφρασιν
967 477 1087 544 vocant,
1112 469 1167 526 cir·

191 554 328 614 ouitum
344 551 485 630 quendam
508 549 734 628 eloquendi,
756 551 804 627 qui
819 566 1020 628 nonnunquam
1034 552 1168 611 necessita·

189 645 247 696 tem
264 634 368 711 habet,
385 635 519 714 quotiens
531 634 609 694 dictu
625 633 765 694 deformia
781 634 892 710 operit:
910 642 941 693 ut
956 635 1120 709 Sallustius,
1134 631 1170 694 ld
1189 656 1190 678 r

147 719 341 798 curopalate
361 728 504 780 naturae.
544 716 661 778 Interim
686 725 816 776 ornatum
840 717 913 795 petit
938 719 1050 795 solum,
1074 720 1118 796 qui
1139 725 1171 776 ast

190 803 266 883 apud
281 812 384 882 poetas
401 802 666 880 frequentissimus:
991 863 997 866 ἢ

256 885 385 966 Tempus
407 893 489 962 erut,
514 901 574 964 pao
589 884 694 964 primo
711 885 799 962 quiea
817 884 996 946 mortalibus
1018 887 1119 964 aspris

252 969 365 1048 Incipit
386 977 414 1030 et
436 971 515 1031 douo
537 968 639 1030 disum
656 968 835 1046 ρναιίιιίιιια
854 969 960 1046 serpit.

147 1062 180 1118 61
189 1052 227 1114 Et
241 1052 317 1132 apud
333 1059 466 1112 oratores
483 1069 540 1113 non
556 1069 639 1112 rarus
660 1068 777 1130 semper
794 1059 890 1111 tamen
905 1053 1063 1112 astrictior.
1106 1049 1173 1124 Quid·
1190 1077 1191 1098 ι

190 1137 258 1216 quid
271 1137 345 1197 enim
356 1136 512 1213 significari
527 1135 643 1196 brevius
656 1142 755 1212 potest
766 1142 795 1193 et
808 1151 872 1193 cum
887 1143 988 1196 ornatu
1001 1134 1086 1196 latius
1098 1143 1173 1194 osteu-
1190 1135 1191 1144 ’

190 1220 280 1296 ditur,
303 1219 477 1301 περίφρασις
492 1228 554 1296 est,
578 1220 624 1278 cui
640 1234 745 1279 nomen
758 1215 857 1278 Latine
874 1217 969 1278 datum
986 1228 1103 1279 estnon
1122 1233 1173 1276 sara

120 1345 126 1351 -
190 1312 288 1382 aptum
311 1305 450 1364 orationis
473 1303 570 1363 virtuti
597 1300 896 1362 circumlocutio.
939 1300 1051 1362 Verum
1074 1302 1127 1362 hoc
1145 1308 1173 1371 ut,

191 1404 255 1446 cum
277 1387 415 1447 decorem
435 1385 538 1462 habet,
560 1383 754 1464 periphrasis:
777 1385 832 1460 ita,
850 1401 913 1444 curn
928 1387 956 1444 iu
971 1387 1074 1447 vitiam
1088 1359 1192 1458 incidit*

189 1469 393 1551 περισσολογίιι
404 1469 517 1529 dicitur.
563 1466 666 1527 Obstat
680 1469 770 1543 enim,
788 1467 925 1546 quidquid
937 1485 998 1537 pou
1015 1470 1135 1531 adiuvet.

147 1561 182 1618 ou
273 1551 515 1631 llyperltaton
544 1567 677 1630 quoque,
700 1551 729 1610 id
750 1559 795 1610 est
816 1549 1193 1652 verbi-transgressionem!

191 1635 325 1714 quoniam
340 1636 509 1713 frequenter
524 1635 599 1695 ratio
617 1635 841 1712 comparationis
860 1643 889 1693 et
904 1634 995 1695 decor
1011 1638 1123 1715 poscit,
1135 1649 1175 1693 ror
1192 1667 1193 1674 .

190 1719 331 1779 immerito
356 1719 431 1779 inter
454 1719 576 1779 virtutes
602 1717 750 1778 hahemus.
792 1715 838 1777 Fit
862 1719 937 1777 enim
961 1719 1176 1800 frequentissima

190 1819 296 1880 aspera
318 1810 347 1863 et
363 1801 433 1863 dure
456 1811 485 1862 et
501 1801 643 1862 dissoluta
660 1810 689 1862 et
709 1800 791 1861 hiens
806 1803 917 1877 oratio,
940 1804 965 1861 si
981 1803 1019 1862 ad
1038 1803 1175 1864 necessitu-
1193 1805 1194 1844 l

190 1895 248 1946 tem
263 1885 372 1946 ordinis
388 1887 432 1946 sui
450 1885 540 1946 verba
556 1886 739 1962 redigantur,
762 1893 807 1961 et,
828 1894 859 1943 ut
875 1886 1011 1964 quodque
1029 1889 1133 1961 oritur,
1150 1853 1194 1946 iul

149 1969 346 2046 asperrimis,
374 1971 486 2030 etiarnsi
508 1971 609 2029 vinciri
629 1984 686 2027 non
701 1977 818 2046 potest,
840 1967 986 2046 alligetur.
1031 1953 1195 2034 uidereris!

190 2054 278 2128 igitur
297 2052 437 2131 quaedem
461 2063 490 2112 et
505 2050 731 2131 praesumenda,
756 2060 842 2130 atqua
856 2061 888 2111 ut
907 2054 936 2112 in
957 2055 1111 2115 structuris
1124 2049 1177 2128 lapi

192 2135 258 2194 dum
279 2135 473 2214 impolitorum
499 2137 584 2212 loco,
606 2137 838 2214 quassaverit,
861 2135 998 2214 quodque
1023 2135 1176 2216 ponendum

186 2217 257 2292 *Non
271 2221 345 2278 enim
357 2219 491 2280 recidere
508 2237 541 2280 ea
552 2237 611 2300 nec
622 2218 718 2297 polire
733 2235 905 2297 possumus,
922 2236 979 2299 quo
992 2223 1176 2299 coagmentata

191 2319 225 2361 se
241 2304 333 2379 magis
348 2304 482 2380 iungunt,
500 2302 552 2363 sed
566 2302 701 2362 utendum
715 2303 764 2379 iis,
780 2301 968 2382 puellarum,
982 2302 1178 2382 eligendaeque
1194 2309 1195 2350 l

149 2385 286 2446 decedes.
330 2384 393 2445 Nec
413 2386 490 2445 aliud
503 2395 601 2466 potest
617 2403 779 2446 sermonem
793 2386 892 2447 lacere
910 2403 1097 2448 numerosum
1112 2399 1178 2464 quau
1194 2379 1195 2400 ¹

192 2475 356 2546 opportuna
377 2468 485 2528 ordinis
500 2471 634 2539 mutatio;
659 2487 755 2549 neque
771 2469 828 2529 alio
845 2471 920 2530 ceris
938 2469 1069 2531 Platonis
1084 2473 1195 2530 iuuenta

192 2559 258 2610 sunt
274 2557 408 2629 quattuor
428 2552 478 2612 illa
493 2551 600 2627 verita,
619 2553 722 2632 quibus
744 2555 772 2612 in
794 2552 845 2612 illo
863 2553 1063 2631 pulcherrimo
1080 2564 1179 2633 operuu

190 2635 219 2693 in
232 2633 382 2694 Piraeeum
398 2653 430 2694 se
447 2634 637 2696 descendisse
649 2637 807 2714 siguificat,
824 2636 954 2716 plurimis
965 2637 1062 2699 modis
1078 2638 1178 2712 scripta

151 2724 277 2796 tiquam
295 2718 374 2796 quod
389 2737 453 2778 eum
474 2736 591 2798 quoque
605 2723 727 2780 maxime
743 2721 843 2781 lacere
862 2721 1057 2799 experiretur.
1090 2721 1180 2780 verm

191 2801 220 2860 id
241 2818 304 2861 cum
329 2803 358 2860 in
384 2801 496 2862 duobus
518 2801 616 2862 verbis
641 2803 688 2881 fit,
715 2793 888 2886 ἀναστροφὴ
914 2804 1034 2881 dicitur,
1065 2797 1179 2865 rerarslt

192 2883 349 2961 quaedum:
372 2884 468 2963 qualia
478 2895 544 2946 sunt
554 2886 662 2963 vulgo,
678 2904 810 2962 mecum,
826 2905 948 2956 recum,-
969 2888 1046 2966 apud
1065 2895 1179 2949 oratoru

192 2975 221 3025 et
238 2965 394 3026 historicos
412 2971 525 3046 quibus
541 2971 581 3032 da
594 2971 696 3033 rebus.
733 2969 772 3030 At
790 2989 852 3031 cum
870 2970 985 3032 decoris
1000 2973 1095 3048 gratia
1110 2963 1179 3029 trall-

191 3057 237 3108 tur
260 3049 374 3126 longius
398 3051 532 3130 verbum,
554 3054 674 3132 proprie
701 3052 853 3130 hyberbuti
873 3062 954 3115 tenet
975 3071 1097 3116 nomen:
1121 3046 1179 3112 lat·

163 3139 169 3152 '
190 3132 513 3213 murmuratorem,
531 3139 858 3200 praememoratam
878 3140 1047 3200 orationem
1068 3141 1100 3207 ιἰι
1115 3137 1179 3198 duat

192 3215 323 3278 diuisam
347 3237 414 3280 aesc
432 3228 550 3297 portes.
594 3219 666 3281 Nam
685 3222 718 3282 ιἰι
739 3221 820 3284 duaa
838 3229 948 3301 portes
973 3222 1104 3285 dimam
1127 3229 1179 3280 aaut

149 3307 301 3364 directum
314 3310 392 3376 erut,
411 3303 464 3362 sed
477 3303 578 3363 durum
594 3312 623 3364 et
637 3307 820 3384 incomptum.
860 3305 968 3366 Poetae
980 3306 1094 3384 quidem
1109 3302 1178 3363 etiam

191 3382 346 3444 verborum
363 3385 505 3445 divisione
520 3387 629 3448 iaciunt
644 3391 920 3466 transgressionem:

356 3501 397 3516 -
415 3467 611 3549 llpdardoreo
629 3480 744 3550 septem
762 3473 899 3535 subiecto
918 3475 1019 3550 trioni,
