<?xml version="1.0" encoding="UTF-8"?>
<!DOCTYPE html PUBLIC "-//W3C//DTD XHTML 1.0 Transitional//EN"
    "http://www.w3.org/TR/xhtml1/DTD/xhtml1-transitional.dtd">
<html xmlns="http://www.w3.org/1999/xhtml" xml:lang="en" lang="en">
 <head>
  <title>
</title>
<meta http-equiv="Content-Type" content="text/html;charset=utf-8" />
  <meta name='ocr-system' content='tesseract 3.04.00' />
  <meta name='ocr-capabilities' content='ocr_page ocr_carea ocr_par ocr_line ocrx_word'/>
</head>
<body>
  <div class='ocr_page' id='page_1' title='image "./mfabiiquintilia04quingoog_0477.png"; bbox 0 0 2494 3952; ppageno 0'>
   <div class='ocr_carea' id='block_1_1' title="bbox 142 167 891 270">
    <p class='ocr_par' dir='ltr' id='par_1_1' title="bbox 142 167 891 270">
     <span class='ocr_line' id='line_1_1' title="bbox 142 167 891 270; baseline -0.008 -8"><span class='ocrx_word' id='word_1_1' title='bbox 142 257 147 262; x_wconf 92' lang='lat'>.</span> <span class='ocrx_word' id='word_1_2' title='bbox 202 197 261 260; x_wconf 80' lang='lat'><strong>192</strong></span> <span class='ocrx_word' id='word_1_3' title='bbox 531 167 891 270; x_wconf 63' lang='lat' dir='ltr'><strong>umamomsraumu</strong></span> 
     </span>
    </p>
   </div>
   <div class='ocr_carea' id='block_1_2' title="bbox 123 361 1222 3559">
    <p class='ocr_par' dir='ltr' id='par_1_2' title="bbox 123 361 1222 3559">
     <span class='ocr_line' id='line_1_2' title="bbox 198 361 1184 443; baseline -0.004 -17"><span class='ocrx_word' id='word_1_4' title='bbox 198 365 338 426; x_wconf 69' lang='lat' dir='ltr'><strong>affuturos</strong></span> <span class='ocrx_word' id='word_1_5' title='bbox 362 363 453 424; x_wconf 81' lang='lat' dir='ltr'><strong>foisse</strong></span> <span class='ocrx_word' id='word_1_6' title='bbox 476 371 650 443; x_wconf 86' lang='lat' dir='ltr'><strong>proponunt.</strong></span> <span class='ocrx_word' id='word_1_7' title='bbox 694 361 767 424; x_wconf 84' lang='lat' dir='ltr'><strong>Nam</strong></span> <span class='ocrx_word' id='word_1_8' title='bbox 790 371 820 423; x_wconf 88' lang='lat' dir='ltr'><strong>et</strong></span> <span class='ocrx_word' id='word_1_9' title='bbox 842 364 921 423; x_wconf 85' lang='lat' dir='ltr'><strong>inriti</strong></span> <span class='ocrx_word' id='word_1_10' title='bbox 948 363 1056 424; x_wconf 83' lang='lat' dir='ltr'><strong>indiees</strong></span> <span class='ocrx_word' id='word_1_11' title='bbox 1079 361 1184 422; x_wconf 86' lang='lat' dir='ltr'><strong>audiant</strong></span> 
     </span>
     <span class='ocr_line' id='line_1_3' title="bbox 198 447 1185 529; baseline -0.005 -20"><span class='ocrx_word' id='word_1_12' title='bbox 198 456 431 529; x_wconf 77' lang='lat' dir='ltr'><strong>praesumentem</strong></span> <span class='ocrx_word' id='word_1_13' title='bbox 446 455 545 527; x_wconf 81' lang='lat' dir='ltr'><strong>partes</strong></span> <span class='ocrx_word' id='word_1_14' title='bbox 561 465 645 525; x_wconf 85' lang='lat' dir='ltr'><strong>suas,</strong></span> <span class='ocrx_word' id='word_1_15' title='bbox 667 465 724 508; x_wconf 88' lang='lat' dir='ltr'><strong>neo</strong></span> <span class='ocrx_word' id='word_1_16' title='bbox 739 448 797 507; x_wconf 92' lang='lat' dir='ltr'><strong>hoo</strong></span> <span class='ocrx_word' id='word_1_17' title='bbox 812 449 920 508; x_wconf 89' lang='lat' dir='ltr'><strong>oratori</strong></span> <span class='ocrx_word' id='word_1_18' title='bbox 936 450 1102 524; x_wconf 84' lang='lat' dir='ltr'><strong>oootlngere</strong></span> <span class='ocrx_word' id='word_1_19' title='bbox 1119 447 1185 506; x_wconf 85' lang='lat' dir='ltr'><strong>inter</strong></span> 
     </span>
     <span class='ocr_line' id='line_1_4' title="bbox 198 528 1185 613; baseline -0.002 -21"><span class='ocrx_word' id='word_1_20' title='bbox 198 533 389 593; x_wconf 82' lang='lat' dir='ltr'><strong>adversarios.</strong></span> <span class='ocrx_word' id='word_1_21' title='bbox 403 533 482 613; x_wconf 87' lang='lat' dir='ltr'><strong>qnod</strong></span> <span class='ocrx_word' id='word_1_22' title='bbox 503 532 685 609; x_wconf 73' lang='lat' dir='ltr'><strong>Pythagorae</strong></span> <span class='ocrx_word' id='word_1_23' title='bbox 710 534 786 591; x_wconf 87' lang='lat' dir='ltr'><strong>inter</strong></span> <span class='ocrx_word' id='word_1_24' title='bbox 801 531 962 610; x_wconf 76' lang='lat' dir='ltr'><strong>discipulos</strong></span> <span class='ocrx_word' id='word_1_25' title='bbox 984 539 1094 612; x_wconf 88' lang='lat' dir='ltr'><strong>potest:</strong></span> <span class='ocrx_word' id='word_1_26' title='bbox 1116 528 1185 610; x_wconf 78' lang='lat' dir='ltr'><strong>lpas</strong></span> 
     </span>
     <span class='ocr_line' id='line_1_5' title="bbox 198 615 1186 695; baseline -0.006 -17"><span class='ocrx_word' id='word_1_27' title='bbox 198 617 286 678; x_wconf 76' lang='lat' dir='ltr'><strong>dimit.</strong></span> <span class='ocrx_word' id='word_1_28' title='bbox 322 615 383 678; x_wconf 88' lang='lat' dir='ltr'><strong>Sed</strong></span> <span class='ocrx_word' id='word_1_29' title='bbox 406 615 482 676; x_wconf 89' lang='lat' dir='ltr'><strong>istud</strong></span> <span class='ocrx_word' id='word_1_30' title='bbox 502 618 595 693; x_wconf 88' lang='lat' dir='ltr'><strong>magis</strong></span> <span class='ocrx_word' id='word_1_31' title='bbox 616 617 746 676; x_wconf 82' lang='lat' dir='ltr'><strong>minusve</strong></span> <span class='ocrx_word' id='word_1_32' title='bbox 766 616 902 676; x_wconf 80' lang='lat' dir='ltr'><strong>vitiosam</strong></span> <span class='ocrx_word' id='word_1_33' title='bbox 923 625 969 676; x_wconf 85' lang='lat' dir='ltr'><strong>est</strong></span> <span class='ocrx_word' id='word_1_34' title='bbox 989 631 1043 695; x_wconf 95' lang='lat' dir='ltr'><strong>pro</strong></span> <span class='ocrx_word' id='word_1_35' title='bbox 1064 615 1186 694; x_wconf 85' lang='lat' dir='ltr'><strong>personis</strong></span> 
     </span>
     <span class='ocr_line' id='line_1_6' title="bbox 152 698 1185 778; baseline -0.004 -18"><span class='ocrx_word' id='word_1_36' title='bbox 152 701 362 761; x_wconf 71' lang='lat' dir='ltr'><strong>28dioentium.</strong></span> <span class='ocrx_word' id='word_1_37' title='bbox 399 698 573 760; x_wconf 82' lang='lat' dir='ltr'><strong>Delenditur</strong></span> <span class='ocrx_word' id='word_1_38' title='bbox 599 701 674 761; x_wconf 85' lang='lat' dir='ltr'><strong>enim</strong></span> <span class='ocrx_word' id='word_1_39' title='bbox 701 699 883 778; x_wconf 84' lang='lat' dir='ltr'><strong>aliquatenus</strong></span> <span class='ocrx_word' id='word_1_40' title='bbox 911 709 1023 776; x_wconf 84' lang='lat' dir='ltr'><strong>aetate,</strong></span> <span class='ocrx_word' id='word_1_41' title='bbox 1050 698 1185 776; x_wconf 73' lang='lat' dir='ltr'><strong>dignitate,</strong></span> 
     </span>
     <span class='ocr_line' id='line_1_7' title="bbox 197 781 1187 865; baseline -0.003 -21"><span class='ocrx_word' id='word_1_42' title='bbox 197 785 384 853; x_wconf 89' lang='lat' dir='ltr'><strong>auotoritate;</strong></span> <span class='ocrx_word' id='word_1_43' title='bbox 406 801 482 865; x_wconf 86' lang='lat' dir='ltr'><strong>quae</strong></span> <span class='ocrx_word' id='word_1_44' title='bbox 499 792 595 844; x_wconf 87' lang='lat' dir='ltr'><strong>tamen</strong></span> <span class='ocrx_word' id='word_1_45' title='bbox 610 786 660 844; x_wconf 84' lang='lat' dir='ltr'><strong>vix</strong></span> <span class='ocrx_word' id='word_1_46' title='bbox 674 785 703 843; x_wconf 88' lang='lat' dir='ltr'><strong>io</strong></span> <span class='ocrx_word' id='word_1_47' title='bbox 716 783 777 843; x_wconf 88' lang='lat' dir='ltr'><strong>ullo</strong></span> <span class='ocrx_word' id='word_1_48' title='bbox 792 791 871 846; x_wconf 90' lang='lat' dir='ltr'><strong>tanta</strong></span> <span class='ocrx_word' id='word_1_49' title='bbox 885 783 1009 860; x_wconf 84' lang='lat' dir='ltr'><strong>luerint,</strong></span> <span class='ocrx_word' id='word_1_50' title='bbox 1025 791 1056 844; x_wconf 87' lang='lat' dir='ltr'><strong>ot</strong></span> <span class='ocrx_word' id='word_1_51' title='bbox 1070 799 1127 842; x_wconf 86' lang='lat' dir='ltr'><strong>noo</strong></span> <span class='ocrx_word' id='word_1_52' title='bbox 1140 781 1187 842; x_wconf 83' lang='lat' dir='ltr'><strong>hot</strong></span> 
     </span>
     <span class='ocr_line' id='line_1_8' title="bbox 197 867 1187 948; baseline -0.005 -20"><span class='ocrx_word' id='word_1_53' title='bbox 197 867 395 929; x_wconf 85' lang='lat' dir='ltr'><strong>affirmationis</strong></span> <span class='ocrx_word' id='word_1_54' title='bbox 407 885 500 946; x_wconf 87' lang='lat' dir='ltr'><strong>genus</strong></span> <span class='ocrx_word' id='word_1_55' title='bbox 512 867 728 948; x_wconf 88' lang='lat' dir='ltr'><strong>temperandum</strong></span> <span class='ocrx_word' id='word_1_56' title='bbox 751 867 788 926; x_wconf 87' lang='lat' dir='ltr'><strong>sit</strong></span> <span class='ocrx_word' id='word_1_57' title='bbox 799 867 895 947; x_wconf 89' lang='lat' dir='ltr'><strong>aliqua</strong></span> <span class='ocrx_word' id='word_1_58' title='bbox 910 867 1111 930; x_wconf 77' lang='lat' dir='ltr'><strong>moderatione</strong></span> <span class='ocrx_word' id='word_1_59' title='bbox 1126 869 1187 926; x_wconf 87' lang='lat' dir='ltr'><strong>siout</strong></span> 
     </span>
     <span class='ocr_line' id='line_1_9' title="bbox 195 950 1185 1032; baseline -0.006 -20"><span class='ocrx_word' id='word_1_60' title='bbox 195 953 307 1028; x_wconf 88' lang='lat' dir='ltr'><strong>omnia,</strong></span> <span class='ocrx_word' id='word_1_61' title='bbox 335 953 364 1011; x_wconf 88' lang='lat' dir='ltr'><strong>in</strong></span> <span class='ocrx_word' id='word_1_62' title='bbox 389 950 493 1031; x_wconf 87' lang='lat' dir='ltr'><strong>quihus</strong></span> <span class='ocrx_word' id='word_1_63' title='bbox 520 959 659 1030; x_wconf 84' lang='lat' dir='ltr'><strong>patronus</strong></span> <span class='ocrx_word' id='word_1_64' title='bbox 681 959 879 1029; x_wconf 82' lang='lat' dir='ltr'><strong>argumentum</strong></span> <span class='ocrx_word' id='word_1_65' title='bbox 903 970 941 1011; x_wconf 85' lang='lat' dir='ltr'><strong>ex</strong></span> <span class='ocrx_word' id='word_1_66' title='bbox 962 969 996 1011; x_wconf 86' lang='lat' dir='ltr'><strong>se</strong></span> <span class='ocrx_word' id='word_1_67' title='bbox 1019 952 1085 1032; x_wconf 93' lang='lat' dir='ltr'><strong>ipso</strong></span> <span class='ocrx_word' id='word_1_68' title='bbox 1107 957 1185 1030; x_wconf 90' lang='lat' dir='ltr'><strong>petet.</strong></span> 
     </span>
     <span class='ocr_line' id='line_1_10' title="bbox 196 1031 1187 1116; baseline -0.004 -21"><span class='ocrx_word' id='word_1_69' title='bbox 196 1035 312 1096; x_wconf 78' lang='lat' dir='ltr'><strong>Fuisset</strong></span> <span class='ocrx_word' id='word_1_70' title='bbox 326 1036 475 1111; x_wconf 83' lang='lat' dir='ltr'><strong>numidius,</strong></span> <span class='ocrx_word' id='word_1_71' title='bbox 497 1039 521 1095; x_wconf 90' lang='lat' dir='ltr'><strong>si</strong></span> <span class='ocrx_word' id='word_1_72' title='bbox 545 1035 745 1116; x_wconf 79' lang='lat' dir='ltr'><strong>decipiendam</strong></span> <span class='ocrx_word' id='word_1_73' title='bbox 766 1035 891 1095; x_wconf 90' lang='lat' dir='ltr'><strong>oriminis</strong></span> <span class='ocrx_word' id='word_1_74' title='bbox 913 1035 982 1096; x_wconf 86' lang='lat' dir='ltr'><strong>loeo</strong></span> <span class='ocrx_word' id='word_1_75' title='bbox 1000 1043 1138 1114; x_wconf 88' lang='lat' dir='ltr'><strong>negasset</strong></span> <span class='ocrx_word' id='word_1_76' title='bbox 1150 1031 1187 1092; x_wconf 79' lang='lat' dir='ltr'><strong>ci·</strong></span> 
     </span>
     <span class='ocr_line' id='line_1_11' title="bbox 197 1117 1187 1198; baseline -0.002 -20"><span class='ocrx_word' id='word_1_77' title='bbox 197 1136 284 1194; x_wconf 83' lang='lat' dir='ltr'><strong>nero,</strong></span> <span class='ocrx_word' id='word_1_78' title='bbox 311 1117 425 1198; x_wconf 82' lang='lat' dir='ltr'><strong>Equitio</strong></span> <span class='ocrx_word' id='word_1_79' title='bbox 446 1119 567 1180; x_wconf 85' lang='lat' dir='ltr'><strong>Romani</strong></span> <span class='ocrx_word' id='word_1_80' title='bbox 589 1137 656 1181; x_wconf 86' lang='lat' dir='ltr'><strong>esse</strong></span> <span class='ocrx_word' id='word_1_81' title='bbox 680 1119 785 1195; x_wconf 78' lang='lat' dir='ltr'><strong>hlium,</strong></span> <span class='ocrx_word' id='word_1_82' title='bbox 812 1137 846 1178; x_wconf 91' lang='lat' dir='ltr'><strong>se</strong></span> <span class='ocrx_word' id='word_1_83' title='bbox 869 1119 1058 1180; x_wconf 78' lang='lat' dir='ltr'><strong>defendente.</strong></span> <span class='ocrx_word' id='word_1_84' title='bbox 1093 1118 1131 1179; x_wconf 79' lang='lat' dir='ltr'><strong>At</strong></span> <span class='ocrx_word' id='word_1_85' title='bbox 1147 1117 1187 1178; x_wconf 85' lang='lat' dir='ltr'><strong>illo</strong></span> 
     </span>
     <span class='ocr_line' id='line_1_12' title="bbox 195 1203 1187 1280; baseline -0.003 -17"><span class='ocrx_word' id='word_1_86' title='bbox 195 1204 267 1264; x_wconf 87' lang='lat' dir='ltr'><strong>iecit</strong></span> <span class='ocrx_word' id='word_1_87' title='bbox 281 1203 339 1264; x_wconf 89' lang='lat' dir='ltr'><strong>hoo</strong></span> <span class='ocrx_word' id='word_1_88' title='bbox 353 1205 440 1264; x_wconf 90' lang='lat' dir='ltr'><strong>etiam</strong></span> <span class='ocrx_word' id='word_1_89' title='bbox 456 1203 618 1265; x_wconf 80' lang='lat' dir='ltr'><strong>favorabile</strong></span> <span class='ocrx_word' id='word_1_90' title='bbox 647 1203 850 1280; x_wconf 77' lang='lat' dir='ltr'><strong>coniungendo</strong></span> <span class='ocrx_word' id='word_1_91' title='bbox 869 1221 933 1263; x_wconf 92' lang='lat' dir='ltr'><strong>oum</strong></span> <span class='ocrx_word' id='word_1_92' title='bbox 950 1203 1096 1264; x_wconf 78' lang='lat' dir='ltr'><strong>iudicibus</strong></span> <span class='ocrx_word' id='word_1_93' title='bbox 1109 1203 1187 1280; x_wconf 81' lang='lat' dir='ltr'><strong>digni·</strong></span> 
     </span>
     <span class='ocr_line' id='line_1_13' title="bbox 195 1285 1188 1368; baseline -0.001 -21"><span class='ocrx_word' id='word_1_94' title='bbox 195 1296 281 1349; x_wconf 87' lang='lat' dir='ltr'><strong>tatem</strong></span> <span class='ocrx_word' id='word_1_95' title='bbox 301 1304 397 1349; x_wconf 84' lang='lat' dir='ltr'><strong>suam:</strong></span> <span class='ocrx_word' id='word_1_96' title='bbox 431 1285 553 1368; x_wconf 81' lang='lat' dir='ltr'><strong>Equitio</strong></span> <span class='ocrx_word' id='word_1_97' title='bbox 573 1297 675 1350; x_wconf 78' lang='lat' dir='ltr'><strong>ostem</strong></span> <span class='ocrx_word' id='word_1_98' title='bbox 693 1287 824 1349; x_wconf 81' lang='lat' dir='ltr'><strong>Rootoni</strong></span> <span class='ocrx_word' id='word_1_99' title='bbox 844 1305 913 1350; x_wconf 81' lang='lat' dir='ltr'><strong>esse</strong></span> <span class='ocrx_word' id='word_1_100' title='bbox 930 1288 1044 1366; x_wconf 63' lang='lat' dir='ltr'><strong>mium,</strong></span> <span class='ocrx_word' id='word_1_101' title='bbox 1065 1288 1188 1350; x_wconf 63' lang='lat' dir='ltr'><strong>ommiais</strong></span> 
     </span>
     <span class='ocr_line' id='line_1_14' title="bbox 194 1371 1221 1451; baseline 0 -18"><span class='ocrx_word' id='word_1_102' title='bbox 194 1375 261 1435; x_wconf 82' lang='lat' dir='ltr'><strong>loeo</strong></span> <span class='ocrx_word' id='word_1_103' title='bbox 271 1373 402 1451; x_wconf 80' lang='lat' dir='ltr'><strong>poaioh</strong></span> <span class='ocrx_word' id='word_1_104' title='bbox 417 1374 661 1448; x_wconf 66' lang='lat' dir='ltr'><strong>accusatoribus,</strong></span> <span class='ocrx_word' id='word_1_105' title='bbox 677 1389 776 1451; x_wconf 84' lang='lat' dir='ltr'><strong>oeque</strong></span> <span class='ocrx_word' id='word_1_106' title='bbox 787 1371 874 1433; x_wconf 79' lang='lat' dir='ltr'><strong>vohis</strong></span> <span class='ocrx_word' id='word_1_107' title='bbox 886 1373 1102 1436; x_wconf 80' lang='lat' dir='ltr'><strong>iudicantibus</strong></span> <span class='ocrx_word' id='word_1_108' title='bbox 1114 1387 1187 1450; x_wconf 86' lang='lat' dir='ltr'><strong>opor·</strong></span> <span class='ocrx_word' id='word_1_109' title='bbox 1220 1409 1221 1426; x_wconf 48' lang='lat' dir='ltr'><strong>r</strong></span> 
     </span>
     <span class='ocr_line' id='line_1_15' title="bbox 195 1451 1221 1542; baseline 0.003 -27"><span class='ocrx_word' id='word_1_110' title='bbox 195 1457 369 1536; x_wconf 66' lang='lat' dir='ltr'><strong>etatemque</strong></span> <span class='ocrx_word' id='word_1_111' title='bbox 389 1455 735 1536; x_wconf 78' lang='lat' dir='ltr'><strong>defendentihosnohis.</strong></span> <span class='ocrx_word' id='word_1_112' title='bbox 838 1530 847 1542; x_wconf 24' lang='grc' dir='ltr'>ἱ</span> <span class='ocrx_word' id='word_1_113' title='bbox 1220 1451 1221 1518; x_wconf 84' lang='lat' dir='ltr'><strong>l</strong></span> 
     </span>
     <span class='ocr_line' id='line_1_16' title="bbox 151 1538 1221 1619; baseline -0.002 -19"><span class='ocrx_word' id='word_1_114' title='bbox 151 1548 186 1601; x_wconf 72' lang='lat'><strong>29</strong></span> <span class='ocrx_word' id='word_1_115' title='bbox 278 1539 450 1619; x_wconf 84' lang='lat' dir='ltr'><strong>impudens,</strong></span> <span class='ocrx_word' id='word_1_116' title='bbox 477 1539 667 1616; x_wconf 87' lang='lat' dir='ltr'><strong>tumultuosa,</strong></span> <span class='ocrx_word' id='word_1_117' title='bbox 695 1539 831 1601; x_wconf 90' lang='lat' dir='ltr'><strong>iraoooda</strong></span> <span class='ocrx_word' id='word_1_118' title='bbox 855 1540 932 1600; x_wconf 86' lang='lat' dir='ltr'><strong>aetio</strong></span> <span class='ocrx_word' id='word_1_119' title='bbox 962 1539 1097 1600; x_wconf 84' lang='lat' dir='ltr'><strong>omnihus</strong></span> <span class='ocrx_word' id='word_1_120' title='bbox 1121 1538 1187 1600; x_wconf 89' lang='lat' dir='ltr'><strong>iode-</strong></span> <span class='ocrx_word' id='word_1_121' title='bbox 1220 1547 1221 1562; x_wconf 64' lang='lat'>¹</span> 
     </span>
     <span class='ocr_line' id='line_1_17' title="bbox 196 1623 1222 1706; baseline -0.001 -25"><span class='ocrx_word' id='word_1_122' title='bbox 196 1640 280 1692; x_wconf 88' lang='lat' dir='ltr'><strong>eora;</strong></span> <span class='ocrx_word' id='word_1_123' title='bbox 303 1623 357 1684; x_wconf 90' lang='lat' dir='ltr'><strong>sed</strong></span> <span class='ocrx_word' id='word_1_124' title='bbox 372 1633 401 1683; x_wconf 92' lang='lat' dir='ltr'><strong>ut</strong></span> <span class='ocrx_word' id='word_1_125' title='bbox 416 1625 538 1706; x_wconf 90' lang='lat' dir='ltr'><strong>quisque</strong></span> <span class='ocrx_word' id='word_1_126' title='bbox 559 1633 673 1701; x_wconf 85' lang='lat' dir='ltr'><strong>aetate,</strong></span> <span class='ocrx_word' id='word_1_127' title='bbox 690 1623 840 1704; x_wconf 83' lang='lat' dir='ltr'><strong>dignitate,</strong></span> <span class='ocrx_word' id='word_1_128' title='bbox 855 1641 909 1683; x_wconf 92' lang='lat' dir='ltr'><strong>usu</strong></span> <span class='ocrx_word' id='word_1_129' title='bbox 925 1626 1092 1704; x_wconf 81' lang='lat' dir='ltr'><strong>praeeedit,</strong></span> <span class='ocrx_word' id='word_1_130' title='bbox 1110 1625 1188 1700; x_wconf 73' lang='lat' dir='ltr'><strong>magu</strong></span> <span class='ocrx_word' id='word_1_131' title='bbox 1221 1639 1222 1698; x_wconf 72' lang='lat' dir='ltr'><strong>j</strong></span> 
     </span>
     <span class='ocr_line' id='line_1_18' title="bbox 195 1707 1187 1788; baseline 0 -23"><span class='ocrx_word' id='word_1_132' title='bbox 195 1709 222 1765; x_wconf 88' lang='lat' dir='ltr'><strong>io</strong></span> <span class='ocrx_word' id='word_1_133' title='bbox 249 1723 285 1767; x_wconf 89' lang='lat' dir='ltr'><strong>ea</strong></span> <span class='ocrx_word' id='word_1_134' title='bbox 310 1707 581 1786; x_wconf 87' lang='lat' dir='ltr'><strong>reprehendendus.</strong></span> <span class='ocrx_word' id='word_1_135' title='bbox 625 1707 734 1769; x_wconf 84' lang='lat' dir='ltr'><strong>Videas</strong></span> <span class='ocrx_word' id='word_1_136' title='bbox 763 1717 858 1768; x_wconf 90' lang='lat' dir='ltr'><strong>autem</strong></span> <span class='ocrx_word' id='word_1_137' title='bbox 887 1710 1036 1769; x_wconf 79' lang='lat' dir='ltr'><strong>rixatores</strong></span> <span class='ocrx_word' id='word_1_138' title='bbox 1064 1708 1187 1788; x_wconf 88' lang='lat' dir='ltr'><strong>quosdam</strong></span> 
     </span>
     <span class='ocr_line' id='line_1_19' title="bbox 194 1791 1187 1872; baseline 0.001 -23"><span class='ocrx_word' id='word_1_139' title='bbox 194 1809 290 1871; x_wconf 83' lang='lat' dir='ltr'><strong>noque</strong></span> <span class='ocrx_word' id='word_1_140' title='bbox 306 1791 430 1853; x_wconf 87' lang='lat' dir='ltr'><strong>iudioum</strong></span> <span class='ocrx_word' id='word_1_141' title='bbox 450 1795 614 1854; x_wconf 80' lang='lat' dir='ltr'><strong>reverentia</strong></span> <span class='ocrx_word' id='word_1_142' title='bbox 636 1811 732 1872; x_wconf 87' lang='lat' dir='ltr'><strong>oeque</strong></span> <span class='ocrx_word' id='word_1_143' title='bbox 750 1791 855 1870; x_wconf 86' lang='lat' dir='ltr'><strong>agendi</strong></span> <span class='ocrx_word' id='word_1_144' title='bbox 876 1809 958 1853; x_wconf 88' lang='lat' dir='ltr'><strong>more</strong></span> <span class='ocrx_word' id='word_1_145' title='bbox 976 1811 1013 1854; x_wconf 89' lang='lat' dir='ltr'><strong>ao</strong></span> <span class='ocrx_word' id='word_1_146' title='bbox 1031 1795 1119 1854; x_wconf 91' lang='lat' dir='ltr'><strong>modo</strong></span> <span class='ocrx_word' id='word_1_147' title='bbox 1133 1809 1187 1852; x_wconf 88' lang='lat' dir='ltr'><strong>oon-</strong></span> 
     </span>
     <span class='ocr_line' id='line_1_20' title="bbox 123 1875 1186 1957; baseline 0 -23"><span class='ocrx_word' id='word_1_148' title='bbox 123 1933 129 1948; x_wconf 82' lang='grc'>,</span> <span class='ocrx_word' id='word_1_149' title='bbox 195 1876 295 1952; x_wconf 75' lang='lat' dir='ltr'><strong>lineri,</strong></span> <span class='ocrx_word' id='word_1_150' title='bbox 323 1893 381 1955; x_wconf 88' lang='lat' dir='ltr'><strong>quo</strong></span> <span class='ocrx_word' id='word_1_151' title='bbox 404 1876 529 1957; x_wconf 86' lang='lat' dir='ltr'><strong>abipso</strong></span> <span class='ocrx_word' id='word_1_152' title='bbox 555 1879 658 1938; x_wconf 87' lang='lat' dir='ltr'><strong>mentis</strong></span> <span class='ocrx_word' id='word_1_153' title='bbox 685 1877 783 1937; x_wconf 84' lang='lat' dir='ltr'><strong>habitu</strong></span> <span class='ocrx_word' id='word_1_154' title='bbox 806 1877 989 1936; x_wconf 82' lang='lat' dir='ltr'><strong>manifestum</strong></span> <span class='ocrx_word' id='word_1_155' title='bbox 1015 1879 1071 1954; x_wconf 88' lang='lat' dir='ltr'><strong>sit,</strong></span> <span class='ocrx_word' id='word_1_156' title='bbox 1098 1875 1186 1938; x_wconf 88' lang='lat' dir='ltr'><strong>tamin</strong></span> 
     </span>
     <span class='ocr_line' id='line_1_21' title="bbox 151 1959 1186 2040; baseline -0.001 -20"><span class='ocrx_word' id='word_1_157' title='bbox 151 1960 388 2039; x_wconf 75' lang='lat' dir='ltr'><strong>tososeipiendis</strong></span> <span class='ocrx_word' id='word_1_158' title='bbox 403 1979 487 2040; x_wconf 83' lang='lat' dir='ltr'><strong>quaro</strong></span> <span class='ocrx_word' id='word_1_159' title='bbox 503 1963 531 2021; x_wconf 90' lang='lat' dir='ltr'><strong>in</strong></span> <span class='ocrx_word' id='word_1_160' title='bbox 548 1962 669 2039; x_wconf 83' lang='lat' dir='ltr'><strong>agendis</strong></span> <span class='ocrx_word' id='word_1_161' title='bbox 685 1963 781 2021; x_wconf 84' lang='lat' dir='ltr'><strong>oensis</strong></span> <span class='ocrx_word' id='word_1_162' title='bbox 797 1960 866 2020; x_wconf 86' lang='lat' dir='ltr'><strong>nihil</strong></span> <span class='ocrx_word' id='word_1_163' title='bbox 883 1962 966 2040; x_wconf 87' lang='lat' dir='ltr'><strong>pensi</strong></span> <span class='ocrx_word' id='word_1_164' title='bbox 981 1959 1107 2022; x_wconf 87' lang='lat' dir='ltr'><strong>habere.</strong></span> <span class='ocrx_word' id='word_1_165' title='bbox 1131 1961 1186 2020; x_wconf 85' lang='lat' dir='ltr'><strong>l’ro·</strong></span> 
     </span>
     <span class='ocr_line' id='line_1_22' title="bbox 195 2044 1185 2125; baseline 0 -23"><span class='ocrx_word' id='word_1_166' title='bbox 195 2046 251 2104; x_wconf 84' lang='lat' dir='ltr'><strong>t&#39;ert</strong></span> <span class='ocrx_word' id='word_1_167' title='bbox 271 2044 348 2106; x_wconf 89' lang='lat' dir='ltr'><strong>enim</strong></span> <span class='ocrx_word' id='word_1_168' title='bbox 369 2061 467 2106; x_wconf 88' lang='lat' dir='ltr'><strong>mores</strong></span> <span class='ocrx_word' id='word_1_169' title='bbox 488 2046 659 2125; x_wconf 80' lang='lat' dir='ltr'><strong>plerumque</strong></span> <span class='ocrx_word' id='word_1_170' title='bbox 681 2047 774 2106; x_wconf 87' lang='lat' dir='ltr'><strong>oratio</strong></span> <span class='ocrx_word' id='word_1_171' title='bbox 797 2053 827 2105; x_wconf 90' lang='lat' dir='ltr'><strong>et</strong></span> <span class='ocrx_word' id='word_1_172' title='bbox 845 2047 929 2105; x_wconf 86' lang='lat' dir='ltr'><strong>animi</strong></span> <span class='ocrx_word' id='word_1_173' title='bbox 944 2055 1065 2106; x_wconf 83' lang='lat' dir='ltr'><strong>secreta</strong></span> <span class='ocrx_word' id='word_1_174' title='bbox 1081 2044 1185 2121; x_wconf 87' lang='lat' dir='ltr'><strong>detegit.</strong></span> 
     </span>
     <span class='ocr_line' id='line_1_23' title="bbox 194 2126 1186 2211; baseline 0 -25"><span class='ocrx_word' id='word_1_175' title='bbox 194 2126 258 2187; x_wconf 92' lang='lat' dir='ltr'><strong>Neo</strong></span> <span class='ocrx_word' id='word_1_176' title='bbox 273 2128 335 2189; x_wconf 88' lang='lat' dir='ltr'><strong>sine</strong></span> <span class='ocrx_word' id='word_1_177' title='bbox 351 2147 438 2191; x_wconf 87' lang='lat' dir='ltr'><strong>eausa</strong></span> <span class='ocrx_word' id='word_1_178' title='bbox 452 2128 556 2192; x_wconf 78' lang='lat' dir='ltr'><strong>Graeci</strong></span> <span class='ocrx_word' id='word_1_179' title='bbox 571 2129 769 2209; x_wconf 77' lang='lat' dir='ltr'><strong>prodiderunt,</strong></span> <span class='ocrx_word' id='word_1_180' title='bbox 791 2128 829 2191; x_wconf 86' lang='lat' dir='ltr'><strong>Ut</strong></span> <span class='ocrx_word' id='word_1_181' title='bbox 838 2132 931 2204; x_wconf 86' lang='lat' dir='ltr'><strong>oioot,</strong></span> <span class='ocrx_word' id='word_1_182' title='bbox 949 2147 1101 2211; x_wconf 77' lang='lat' dir='ltr'><strong>quemque</strong></span> <span class='ocrx_word' id='word_1_183' title='bbox 1113 2131 1186 2192; x_wconf 81' lang='lat' dir='ltr'><strong>etion</strong></span> 
     </span>
     <span class='ocr_line' id='line_1_24' title="bbox 194 2213 1187 2291; baseline -0.004 -19"><span class='ocrx_word' id='word_1_184' title='bbox 194 2213 309 2273; x_wconf 82' lang='lat' dir='ltr'><strong>dicere.</strong></span> <span class='ocrx_word' id='word_1_185' title='bbox 346 2213 503 2275; x_wconf 87' lang='lat' dir='ltr'><strong>Homiliora</strong></span> <span class='ocrx_word' id='word_1_186' title='bbox 529 2215 578 2275; x_wconf 89' lang='lat' dir='ltr'><strong>illa</strong></span> <span class='ocrx_word' id='word_1_187' title='bbox 604 2215 689 2274; x_wconf 89' lang='lat' dir='ltr'><strong>vitia:</strong></span> <span class='ocrx_word' id='word_1_188' title='bbox 719 2215 868 2274; x_wconf 88' lang='lat' dir='ltr'><strong>summissa</strong></span> <span class='ocrx_word' id='word_1_189' title='bbox 892 2215 1037 2291; x_wconf 86' lang='lat' dir='ltr'><strong>adulatio,</strong></span> <span class='ocrx_word' id='word_1_190' title='bbox 1067 2215 1187 2276; x_wconf 82' lang='lat' dir='ltr'><strong>affectata</strong></span> 
     </span>
     <span class='ocr_line' id='line_1_25' title="bbox 194 2296 1187 2379; baseline -0.001 -25"><span class='ocrx_word' id='word_1_191' title='bbox 194 2296 369 2375; x_wconf 81' lang='lat' dir='ltr'><strong>scurrilitas,</strong></span> <span class='ocrx_word' id='word_1_192' title='bbox 398 2299 427 2358; x_wconf 89' lang='lat' dir='ltr'><strong>io</strong></span> <span class='ocrx_word' id='word_1_193' title='bbox 450 2297 539 2358; x_wconf 87' lang='lat' dir='ltr'><strong>rebus</strong></span> <span class='ocrx_word' id='word_1_194' title='bbox 560 2315 595 2359; x_wconf 89' lang='lat' dir='ltr'><strong>ao</strong></span> <span class='ocrx_word' id='word_1_195' title='bbox 622 2296 723 2359; x_wconf 86' lang='lat' dir='ltr'><strong>verbis</strong></span> <span class='ocrx_word' id='word_1_196' title='bbox 742 2314 842 2378; x_wconf 86' lang='lat' dir='ltr'><strong>parum</strong></span> <span class='ocrx_word' id='word_1_197' title='bbox 865 2299 1006 2359; x_wconf 88' lang='lat' dir='ltr'><strong>modestis</strong></span> <span class='ocrx_word' id='word_1_198' title='bbox 1030 2317 1068 2359; x_wconf 88' lang='lat' dir='ltr'><strong>ae</strong></span> <span class='ocrx_word' id='word_1_199' title='bbox 1089 2296 1187 2379; x_wconf 81' lang='lat' dir='ltr'><strong>podicis</strong></span> 
     </span>
     <span class='ocr_line' id='line_1_26' title="bbox 192 2379 1188 2463; baseline 0.003 -26"><span class='ocrx_word' id='word_1_200' title='bbox 192 2379 259 2439; x_wconf 89' lang='lat' dir='ltr'><strong>vilis</strong></span> <span class='ocrx_word' id='word_1_201' title='bbox 275 2381 383 2459; x_wconf 85' lang='lat' dir='ltr'><strong>pudor,</strong></span> <span class='ocrx_word' id='word_1_202' title='bbox 406 2383 435 2442; x_wconf 95' lang='lat' dir='ltr'><strong>in</strong></span> <span class='ocrx_word' id='word_1_203' title='bbox 459 2383 534 2442; x_wconf 90' lang='lat' dir='ltr'><strong>omui</strong></span> <span class='ocrx_word' id='word_1_204' title='bbox 553 2384 672 2462; x_wconf 90' lang='lat' dir='ltr'><strong>negotio</strong></span> <span class='ocrx_word' id='word_1_205' title='bbox 696 2383 833 2460; x_wconf 80' lang='lat' dir='ltr'><strong>neglecta</strong></span> <span class='ocrx_word' id='word_1_206' title='bbox 849 2384 1020 2450; x_wconf 88' lang='lat' dir='ltr'><strong>auotoritas;</strong></span> <span class='ocrx_word' id='word_1_207' title='bbox 1044 2401 1120 2463; x_wconf 90' lang='lat' dir='ltr'><strong>quae</strong></span> <span class='ocrx_word' id='word_1_208' title='bbox 1136 2382 1188 2442; x_wconf 81' lang='lat' dir='ltr'><strong>lere</strong></span> 
     </span>
     <span class='ocr_line' id='line_1_27' title="bbox 192 2463 1155 2544; baseline 0.002 -23"><span class='ocrx_word' id='word_1_209' title='bbox 192 2463 325 2524; x_wconf 86' lang='lat' dir='ltr'><strong>aooidunt</strong></span> <span class='ocrx_word' id='word_1_210' title='bbox 340 2467 385 2542; x_wconf 90' lang='lat' dir='ltr'><strong>iis,</strong></span> <span class='ocrx_word' id='word_1_211' title='bbox 402 2467 451 2544; x_wconf 95' lang='lat' dir='ltr'><strong>qui</strong></span> <span class='ocrx_word' id='word_1_212' title='bbox 466 2467 580 2526; x_wconf 89' lang='lat' dir='ltr'><strong>nimium</strong></span> <span class='ocrx_word' id='word_1_213' title='bbox 595 2476 642 2526; x_wconf 89' lang='lat' dir='ltr'><strong>aut</strong></span> <span class='ocrx_word' id='word_1_214' title='bbox 657 2466 754 2528; x_wconf 88' lang='lat' dir='ltr'><strong>blandi</strong></span> <span class='ocrx_word' id='word_1_215' title='bbox 770 2485 839 2526; x_wconf 89' lang='lat' dir='ltr'><strong>esse</strong></span> <span class='ocrx_word' id='word_1_216' title='bbox 855 2476 902 2527; x_wconf 88' lang='lat' dir='ltr'><strong>ant</strong></span> <span class='ocrx_word' id='word_1_217' title='bbox 916 2466 1031 2527; x_wconf 88' lang='lat' dir='ltr'><strong>ridiouli</strong></span> <span class='ocrx_word' id='word_1_218' title='bbox 1046 2466 1155 2528; x_wconf 81' lang='lat' dir='ltr'><strong>volunt.</strong></span> 
     </span>
     <span class='ocr_line' id='line_1_28' title="bbox 149 2547 1188 2630; baseline -0.002 -21"><span class='ocrx_word' id='word_1_219' title='bbox 149 2557 181 2609; x_wconf 81' lang='lat'><strong>31</strong></span> <span class='ocrx_word' id='word_1_220' title='bbox 274 2547 370 2628; x_wconf 88' lang='lat' dir='ltr'><strong>Ipsum</strong></span> <span class='ocrx_word' id='word_1_221' title='bbox 389 2550 474 2610; x_wconf 88' lang='lat' dir='ltr'><strong>etiam</strong></span> <span class='ocrx_word' id='word_1_222' title='bbox 494 2549 678 2630; x_wconf 85' lang='lat' dir='ltr'><strong>eloquentiae</strong></span> <span class='ocrx_word' id='word_1_223' title='bbox 704 2569 797 2629; x_wconf 46' lang='lat' dir='ltr'><strong>mnus</strong></span> <span class='ocrx_word' id='word_1_224' title='bbox 815 2550 889 2611; x_wconf 89' lang='lat' dir='ltr'><strong>alios</strong></span> <span class='ocrx_word' id='word_1_225' title='bbox 905 2551 982 2610; x_wconf 88' lang='lat' dir='ltr'><strong>aliud</strong></span> <span class='ocrx_word' id='word_1_226' title='bbox 998 2551 1098 2613; x_wconf 81' lang='lat' dir='ltr'><strong>decet.</strong></span> <span class='ocrx_word' id='word_1_227' title='bbox 1127 2549 1188 2610; x_wconf 87' lang='lat' dir='ltr'><strong>Nan</strong></span> 
     </span>
     <span class='ocr_line' id='line_1_29' title="bbox 192 2633 1188 2714; baseline 0.002 -25"><span class='ocrx_word' id='word_1_228' title='bbox 192 2648 289 2713; x_wconf 89' lang='lat' dir='ltr'><strong>neque</strong></span> <span class='ocrx_word' id='word_1_229' title='bbox 306 2642 364 2694; x_wconf 88' lang='lat' dir='ltr'><strong>tam</strong></span> <span class='ocrx_word' id='word_1_230' title='bbox 387 2633 502 2713; x_wconf 87' lang='lat' dir='ltr'><strong>plenum</strong></span> <span class='ocrx_word' id='word_1_231' title='bbox 524 2643 554 2694; x_wconf 88' lang='lat' dir='ltr'><strong>et</strong></span> <span class='ocrx_word' id='word_1_232' title='bbox 574 2645 703 2697; x_wconf 86' lang='lat' dir='ltr'><strong>ereetum</strong></span> <span class='ocrx_word' id='word_1_233' title='bbox 718 2644 747 2695; x_wconf 93' lang='lat' dir='ltr'><strong>et</strong></span> <span class='ocrx_word' id='word_1_234' title='bbox 764 2635 858 2695; x_wconf 87' lang='lat' dir='ltr'><strong>audax</strong></span> <span class='ocrx_word' id='word_1_235' title='bbox 880 2645 909 2696; x_wconf 89' lang='lat' dir='ltr'><strong>et</strong></span> <span class='ocrx_word' id='word_1_236' title='bbox 924 2636 1107 2714; x_wconf 80' lang='lat' dir='ltr'><strong>praecultum</strong></span> <span class='ocrx_word' id='word_1_237' title='bbox 1123 2633 1188 2695; x_wconf 90' lang='lat' dir='ltr'><strong>seni·</strong></span> 
     </span>
     <span class='ocr_line' id='line_1_30' title="bbox 192 2714 1189 2799; baseline 0.002 -25"><span class='ocrx_word' id='word_1_238' title='bbox 192 2714 246 2777; x_wconf 91' lang='lat' dir='ltr'><strong>hus</strong></span> <span class='ocrx_word' id='word_1_239' title='bbox 273 2716 444 2780; x_wconf 84' lang='lat' dir='ltr'><strong>oon&#39;venerit</strong></span> <span class='ocrx_word' id='word_1_240' title='bbox 464 2737 547 2799; x_wconf 88' lang='lat' dir='ltr'><strong>qoam</strong></span> <span class='ocrx_word' id='word_1_241' title='bbox 576 2735 710 2799; x_wconf 86' lang='lat' dir='ltr'><strong>pressum</strong></span> <span class='ocrx_word' id='word_1_242' title='bbox 731 2728 760 2780; x_wconf 93' lang='lat' dir='ltr'><strong>et</strong></span> <span class='ocrx_word' id='word_1_243' title='bbox 781 2721 848 2780; x_wconf 74' lang='lat' dir='ltr'><strong>rahe</strong></span> <span class='ocrx_word' id='word_1_244' title='bbox 870 2729 899 2780; x_wconf 89' lang='lat' dir='ltr'><strong>et</strong></span> <span class='ocrx_word' id='word_1_245' title='bbox 921 2720 1047 2781; x_wconf 84' lang='lat' dir='ltr'><strong>limatum</strong></span> <span class='ocrx_word' id='word_1_246' title='bbox 1065 2729 1095 2780; x_wconf 90' lang='lat' dir='ltr'><strong>et</strong></span> <span class='ocrx_word' id='word_1_247' title='bbox 1111 2717 1189 2799; x_wconf 89' lang='lat' dir='ltr'><strong>quale</strong></span> 
     </span>
     <span class='ocr_line' id='line_1_31' title="bbox 191 2800 1188 2882; baseline 0.002 -25"><span class='ocrx_word' id='word_1_248' title='bbox 191 2800 315 2880; x_wconf 87' lang='lat' dir='ltr'><strong>intelligi</strong></span> <span class='ocrx_word' id='word_1_249' title='bbox 335 2803 397 2863; x_wconf 84' lang='lat' dir='ltr'><strong>vult</strong></span> <span class='ocrx_word' id='word_1_250' title='bbox 418 2801 542 2879; x_wconf 80' lang='lat' dir='ltr'><strong>Gioero,</strong></span> <span class='ocrx_word' id='word_1_251' title='bbox 569 2822 633 2864; x_wconf 89' lang='lat' dir='ltr'><strong>eum</strong></span> <span class='ocrx_word' id='word_1_252' title='bbox 656 2803 742 2879; x_wconf 81' lang='lat' dir='ltr'><strong>dicit,</strong></span> <span class='ocrx_word' id='word_1_253' title='bbox 772 2806 932 2864; x_wconf 88' lang='lat' dir='ltr'><strong>orationem</strong></span> <span class='ocrx_word' id='word_1_254' title='bbox 953 2823 1034 2864; x_wconf 86' lang='lat' dir='ltr'><strong>suaro</strong></span> <span class='ocrx_word' id='word_1_255' title='bbox 1058 2805 1188 2882; x_wconf 83' lang='lat' dir='ltr'><strong>coepisse</strong></span> 
     </span>
     <span class='ocr_line' id='line_1_32' title="bbox 184 2881 1188 2968; baseline -0.001 -23"><span class='ocrx_word' id='word_1_256' title='bbox 184 2881 378 2958; x_wconf 55' lang='lat' dir='ltr'><strong>‘oooeaoe&#39;re,·</strong></span> <span class='ocrx_word' id='word_1_257' title='bbox 404 2889 478 2948; x_wconf 87' lang='lat' dir='ltr'><strong>sieut</strong></span> <span class='ocrx_word' id='word_1_258' title='bbox 502 2888 633 2949; x_wconf 89' lang='lat' dir='ltr'><strong>vestibus</strong></span> <span class='ocrx_word' id='word_1_259' title='bbox 659 2905 776 2968; x_wconf 92' lang='lat' dir='ltr'><strong>quoque</strong></span> <span class='ocrx_word' id='word_1_260' title='bbox 803 2904 861 2949; x_wconf 90' lang='lat' dir='ltr'><strong>ooo</strong></span> <span class='ocrx_word' id='word_1_261' title='bbox 889 2906 1016 2967; x_wconf 85' lang='lat' dir='ltr'><strong>purpura</strong></span> <span class='ocrx_word' id='word_1_262' title='bbox 1042 2901 1188 2966; x_wconf 87' lang='lat' dir='ltr'><strong>ooeooqoe</strong></span> 
     </span>
     <span class='ocr_line' id='line_1_33' title="bbox 148 2966 1188 3051; baseline 0 -22"><span class='ocrx_word' id='word_1_263' title='bbox 148 2966 369 3048; x_wconf 80' lang='lat' dir='ltr'><strong>antotgemtous</strong></span> <span class='ocrx_word' id='word_1_264' title='bbox 391 2971 440 3032; x_wconf 87' lang='lat' dir='ltr'><strong>illa</strong></span> <span class='ocrx_word' id='word_1_265' title='bbox 461 2980 542 3032; x_wconf 89' lang='lat' dir='ltr'><strong>aetas</strong></span> <span class='ocrx_word' id='word_1_266' title='bbox 558 2973 628 3033; x_wconf 93' lang='lat' dir='ltr'><strong>satis</strong></span> <span class='ocrx_word' id='word_1_267' title='bbox 644 2981 711 3051; x_wconf 89' lang='lat' dir='ltr'><strong>apta</strong></span> <span class='ocrx_word' id='word_1_268' title='bbox 728 2973 773 3032; x_wconf 91' lang='lat' dir='ltr'><strong>sit.</strong></span> <span class='ocrx_word' id='word_1_269' title='bbox 805 2971 837 3033; x_wconf 90' lang='lat' dir='ltr'><strong>ln</strong></span> <span class='ocrx_word' id='word_1_270' title='bbox 853 2973 1005 3033; x_wconf 87' lang='lat' dir='ltr'><strong>iuvenibus</strong></span> <span class='ocrx_word' id='word_1_271' title='bbox 1022 2975 1110 3032; x_wconf 88' lang='lat' dir='ltr'><strong>etiam</strong></span> <span class='ocrx_word' id='word_1_272' title='bbox 1125 2971 1188 3032; x_wconf 89' lang='lat' dir='ltr'><strong>ube·</strong></span> 
     </span>
     <span class='ocr_line' id='line_1_34' title="bbox 192 3053 1188 3136; baseline 0 -23"><span class='ocrx_word' id='word_1_273' title='bbox 192 3053 269 3113; x_wconf 87' lang='lat' dir='ltr'><strong>riora</strong></span> <span class='ocrx_word' id='word_1_274' title='bbox 295 3053 384 3134; x_wconf 88' lang='lat' dir='ltr'><strong>paulo</strong></span> <span class='ocrx_word' id='word_1_275' title='bbox 411 3063 440 3114; x_wconf 92' lang='lat' dir='ltr'><strong>et</strong></span> <span class='ocrx_word' id='word_1_276' title='bbox 464 3073 557 3134; x_wconf 91' lang='lat' dir='ltr'><strong>paene</strong></span> <span class='ocrx_word' id='word_1_277' title='bbox 583 3056 777 3136; x_wconf 84' lang='lat' dir='ltr'><strong>periclitantia</strong></span> <span class='ocrx_word' id='word_1_278' title='bbox 803 3056 944 3118; x_wconf 79' lang='lat' dir='ltr'><strong>feruutur.</strong></span> <span class='ocrx_word' id='word_1_279' title='bbox 980 3057 1019 3116; x_wconf 79' lang='lat' dir='ltr'><strong>At</strong></span> <span class='ocrx_word' id='word_1_280' title='bbox 1043 3058 1072 3116; x_wconf 91' lang='lat' dir='ltr'><strong>io</strong></span> <span class='ocrx_word' id='word_1_281' title='bbox 1093 3055 1188 3115; x_wconf 87' lang='lat' dir='ltr'><strong>iisdem</strong></span> 
     </span>
     <span class='ocr_line' id='line_1_35' title="bbox 190 3138 1187 3221; baseline 0.001 -25"><span class='ocrx_word' id='word_1_282' title='bbox 190 3138 300 3198; x_wconf 90' lang='lat' dir='ltr'><strong>siooum</strong></span> <span class='ocrx_word' id='word_1_283' title='bbox 324 3145 354 3198; x_wconf 90' lang='lat' dir='ltr'><strong>et</strong></span> <span class='ocrx_word' id='word_1_284' title='bbox 376 3138 529 3200; x_wconf 81' lang='lat' dir='ltr'><strong>sollicitam</strong></span> <span class='ocrx_word' id='word_1_285' title='bbox 555 3149 585 3201; x_wconf 92' lang='lat' dir='ltr'><strong>et</strong></span> <span class='ocrx_word' id='word_1_286' title='bbox 601 3148 777 3201; x_wconf 85' lang='lat' dir='ltr'><strong>contraotom</strong></span> <span class='ocrx_word' id='word_1_287' title='bbox 791 3140 906 3201; x_wconf 88' lang='lat' dir='ltr'><strong>dieeodi</strong></span> <span class='ocrx_word' id='word_1_288' title='bbox 929 3142 1109 3221; x_wconf 89' lang='lat' dir='ltr'><strong>propositum</strong></span> <span class='ocrx_word' id='word_1_289' title='bbox 1132 3138 1187 3218; x_wconf 91' lang='lat' dir='ltr'><strong>ple·</strong></span> 
     </span>
     <span class='ocr_line' id='line_1_36' title="bbox 189 3222 1188 3304; baseline -0.001 -24"><span class='ocrx_word' id='word_1_290' title='bbox 189 3239 310 3301; x_wconf 89' lang='lat' dir='ltr'><strong>rumque</strong></span> <span class='ocrx_word' id='word_1_291' title='bbox 322 3222 506 3284; x_wconf 76' lang='lat' dir='ltr'><strong>adeotatione</strong></span> <span class='ocrx_word' id='word_1_292' title='bbox 521 3225 585 3303; x_wconf 87' lang='lat' dir='ltr'><strong>ipsa</strong></span> <span class='ocrx_word' id='word_1_293' title='bbox 599 3225 766 3285; x_wconf 80' lang='lat' dir='ltr'><strong>severitatis</strong></span> <span class='ocrx_word' id='word_1_294' title='bbox 777 3227 898 3285; x_wconf 84' lang='lat' dir='ltr'><strong>invisum</strong></span> <span class='ocrx_word' id='word_1_295' title='bbox 913 3227 968 3302; x_wconf 86' lang='lat' dir='ltr'><strong>est,</strong></span> <span class='ocrx_word' id='word_1_296' title='bbox 981 3226 1095 3304; x_wconf 90' lang='lat' dir='ltr'><strong>quando</strong></span> <span class='ocrx_word' id='word_1_297' title='bbox 1108 3224 1188 3284; x_wconf 85' lang='lat' dir='ltr'><strong>etiam</strong></span> 
     </span>
     <span class='ocr_line' id='line_1_37' title="bbox 188 3306 1186 3370; baseline -0.001 -7"><span class='ocrx_word' id='word_1_298' title='bbox 188 3322 298 3368; x_wconf 87' lang='lat' dir='ltr'><strong>morum</strong></span> <span class='ocrx_word' id='word_1_299' title='bbox 314 3306 414 3368; x_wconf 87' lang='lat' dir='ltr'><strong>senilis</strong></span> <span class='ocrx_word' id='word_1_300' title='bbox 430 3309 586 3370; x_wconf 85' lang='lat' dir='ltr'><strong>auotoritas</strong></span> <span class='ocrx_word' id='word_1_301' title='bbox 601 3309 747 3369; x_wconf 74' lang='lat' dir='ltr'><strong>Immatura</strong></span> <span class='ocrx_word' id='word_1_302' title='bbox 763 3309 791 3368; x_wconf 89' lang='lat' dir='ltr'><strong>io</strong></span> <span class='ocrx_word' id='word_1_303' title='bbox 806 3310 1042 3370; x_wconf 85' lang='lat' dir='ltr'><strong>adolescentibus</strong></span> <span class='ocrx_word' id='word_1_304' title='bbox 1054 3308 1186 3370; x_wconf 86' lang='lat' dir='ltr'><strong>ereditur.</strong></span> 
     </span>
     <span class='ocr_line' id='line_1_38' title="bbox 147 3388 1187 3474; baseline -0.001 -25"><span class='ocrx_word' id='word_1_305' title='bbox 147 3388 372 3467; x_wconf 74' lang='lat' dir='ltr'><strong>&#39;etSimplieiora</strong></span> <span class='ocrx_word' id='word_1_306' title='bbox 390 3392 529 3453; x_wconf 89' lang='lat' dir='ltr'><strong>militares</strong></span> <span class='ocrx_word' id='word_1_307' title='bbox 550 3393 666 3454; x_wconf 88' lang='lat' dir='ltr'><strong>deoeot.</strong></span> <span class='ocrx_word' id='word_1_308' title='bbox 698 3392 912 3474; x_wconf 74' lang='lat' dir='ltr'><strong>Philosophiam</strong></span> <span class='ocrx_word' id='word_1_309' title='bbox 934 3413 973 3455; x_wconf 85' lang='lat' dir='ltr'><strong>ex</strong></span> <span class='ocrx_word' id='word_1_310' title='bbox 988 3394 1140 3474; x_wconf 72' lang='lat' dir='ltr'><strong>professo,</strong></span> <span class='ocrx_word' id='word_1_311' title='bbox 1160 3393 1187 3448; x_wconf 85' lang='lat' dir='ltr'><strong>oi</strong></span> 
     </span>
     <span class='ocr_line' id='line_1_39' title="bbox 189 3472 1186 3559; baseline 0.001 -29"><span class='ocrx_word' id='word_1_312' title='bbox 189 3472 304 3548; x_wconf 86' lang='lat' dir='ltr'><strong>quidam</strong></span> <span class='ocrx_word' id='word_1_313' title='bbox 327 3475 450 3554; x_wconf 81' lang='lat' dir='ltr'><strong>iaciunt,</strong></span> <span class='ocrx_word' id='word_1_314' title='bbox 478 3477 689 3538; x_wconf 89' lang='lat' dir='ltr'><strong>ostentantibus</strong></span> <span class='ocrx_word' id='word_1_315' title='bbox 716 3495 817 3557; x_wconf 87' lang='lat' dir='ltr'><strong>parum</strong></span> <span class='ocrx_word' id='word_1_316' title='bbox 842 3479 943 3541; x_wconf 85' lang='lat' dir='ltr'><strong>decori</strong></span> <span class='ocrx_word' id='word_1_317' title='bbox 970 3488 1033 3540; x_wconf 88' lang='lat' dir='ltr'><strong>suot</strong></span> <span class='ocrx_word' id='word_1_318' title='bbox 1057 3475 1186 3559; x_wconf 87' lang='lat' dir='ltr'><strong>plerique</strong></span> 
     </span>
    </p>
   </div>
   <div class='ocr_carea' id='block_1_3' title="bbox 0 0 1253 3952">
    <p class='ocr_par' dir='ltr' id='par_1_3' title="bbox 0 0 1253 3952">
     <span class='ocr_line' id='line_1_40' title="bbox 0 0 1253 3952; baseline 0 0"><span class='ocrx_word' id='word_1_319' title='bbox 0 0 1253 3952; x_wconf 95' lang='lat' dir='ltr'><strong> </strong></span> 
     </span>
    </p>
   </div>
  </div>
 </body>
</html>
