2494 3952
332 193 421 244 mss.
435 189 767 259 onnuonms.1x‚a
991 180 1050 244 133

58 348 214 412 nominibus
229 348 390 426 similiaque
403 347 446 406 bis
463 347 622 407 continuari
634 346 736 422 decet,
756 365 819 407 cum
830 345 951 408 ¹uirtutes
968 349 1063 410 etiam
1159 347 1162 354 ⁴

58 438 137 514 ipsae
152 432 275 492 taedium
290 433 402 510 pariant
418 431 472 490 nisi
490 433 584 508 gratia
602 431 751 491 varietatis
767 431 891 492 adiutae.

136 515 352 576 Membrorum'
344 515 556 593 incisorumque
573 516 703 575 iunctura
718 531 776 576 noo
791 513 922 576 eomodo
939 525 984 576 est
1001 515 1051 578 ob·
1041 528 1095 580 -dt

57 599 196 660 servanda
219 615 293 677 quae
315 598 486 674 verborum,
510 615 670 678 quanquam
693 608 722 658 et
749 600 777 658 in
803 598 847 657 bis
871 608 999 660 extrema
1019 617 1053 662 ac

58 685 144 762 prima
160 690 280 750 coeunt;
304 682 356 758 sed
370 682 520 761 plurimum
538 681 629 742 refert
645 683 879 760 compositionis,
901 701 975 763 quae
992 684 1057 762 qui,

57 770 107 826 bus
123 775 291 845 anteponas.
335 764 407 825 Nam
423 774 452 825 et
466 783 588 828 comens
600 767 709 844 frustis
731 769 892 828 esculentis
906 770 1054 846 premium

56 869 140 912 scam
155 859 184 912 et
198 860 289 911 totum
303 850 438 912 tribunal
450 850 602 928 implevit,·
617 857 647 910 et
663 857 762 910 contra
779 850 858 927 (nam
874 850 1056 929 frequentius

56 942 117 994 utar
131 934 232 994 iisdem
244 933 421 993 diversarum
435 950 553 1013 quoque
567 951 663 994 rerum
675 933 833 1012 exemplis,
853 951 911 1011 quo
926 936 982 994 sint
997 951 1054 994 ma·

55 1019 98 1094 gis
113 1017 278 1096 familiaria)
295 1016 384 1078 Sacc
399 1025 489 1096 atquc
502 1018 761 1080 solitudirtes'ooci
777 1019 979 1096 respondent,
1001 1020 1053 1080 bc-

55 1103 129 1162 stc'ce
155 1119 251 1178 saepe
275 1103 422 1162 immanes
447 1108 542 1163 cantu
564 1098 728 1178 flectuntur
754 1109 845 1181 atque
876 1104 1053 1177 consistunt,

56 1185 142 1260 magis
158 1184 342 1260 insurgebat,
359 1185 384 1244 si
400 1193 579 1252 verteretur;
596 1202 661 1244 nam
676 1184 748 1284 ρΗΙιιε
758 1194 803 1244 est
818 1202 889 1245 saxa
903 1203 986 1264 quam
1002 1185 1051 1246 be·

57 1268 123 1326 stias
141 1268 336 1350 commoveri,
349 1268 420 1328 vicit
434 1277 529 1328 tamen
546 1268 764 1347 compositionis
781 1269 880 1329 decor.

135 1351 195 1410 Sed
216 1360 394 1411 transeamus
415 1351 450 1412 ad
471 1369 648 1412 numeros.
692 1350 790 1411 Omnis
806 1360 949 1412 structura
964 1369 998 1410 ac
1015 1351 1055 1410 di·
1062 1362 1095 1414 ιιι

55 1435 160 1494 mensio
189 1443 218 1494 et
240 1435 387 1533 copulatio
407 1451 512 1496 vocum
539 1444 653 1496 constat
680 1443 728 1496 aut
751 1439 878 1496 numeris
904 1436 1054 1514 (numeros

57 1509 186 1598 ῥυθμοὺς
201 1519 294 1597 accipi
288 1517 395 1617 volo)
419 1527 467 1578 aut
481 1516 595 1598 μέτροις
615 1519 643 1580 id
664 1528 710 1579 est
729 1518 907 1580 dimensione
923 1520 1053 1598 quadam.

136 1601 241 1677 Quod,
256 1603 376 1662 etiamsi
393 1612 507 1663 constat
523 1613 675 1681 utrumque
690 1603 832 1682 pedibus,
856 1602 943 1664 babet
959 1613 1055 1664 tamen

58 1700 111 1743 non
131 1685 294 1764 simplicem
319 1685 517 1746 differentiam.
563 1685 635 1746 liam
655 1687 795 1762 rhythmi,
822 1687 851 1748 id
873 1696 918 1748 est
932 1688 1097 1763 numeriae

58 1769 145 1846 spatio
165 1779 329 1848 temporum
344 1778 492 1845 constant,
512 1779 602 1829 metra
625 1771 709 1830 etiam
725 1771 841 1838 ondine;
865 1771 991 1872 ideoque
1013 1771 1054 1831 al·

57 1859 142 1912 terum
170 1871 240 1914 esse
263 1855 426 1932 quantitatis
453 1853 566 1913 videtur
592 1853 713 1912 alterum
736 1853 891 1931 qualitatis
930 1846 1056 1931 Ρυθμός

58 1944 99 1994 est
113 1945 159 1996 aut
173 1954 229 2014 par
246 1946 276 1996 ιιι
291 1936 482 2035 dactylus,
498 1954 553 2018 upa
565 1937 639 1996 enim
651 1935 763 2012 syllaba
779 1954 831 2015 par
847 1947 892 1997 est
906 1936 1054 2013 brevibus,

58 2018 115 2096 (est
141 2020 257 2098 quidem
281 2021 326 2080 vis
347 2019 449 2080 eadem
469 2031 499 2081 et
524 2021 589 2080 aliis
609 2020 753 2099 pedibus,
781 2021 834 2080 sed
859 2038 964 2080 nomen
985 2019 1096 2090 illudat

57 2110 146 2172 tenet;
169 2104 287 2182 longam
303 2121 371 2163 esse
386 2104 506 2164 duorum
521 2113 700 2182 ternpomm,
717 2102 835 2164 brevem
851 2107 950 2179 unios,
969 2105 1055 2164 etiam

56 2189 135 2264 pueri
156 2188 266 2267 sciunt)
289 2196 337 2247 aut
365 2188 524 2266 sescuplex
550 2197 581 2248 ut
604 2204 742 2266 paeon,
765 2205 829 2247 cum
855 2189 892 2247 sit
914 2187 1054 2264 exlongo

57 2279 83 2329 et
106 2269 198 2330 tribus
220 2271 375 2348 brevibus,
396 2274 504 2354 quique
523 2273 549 2331 ei
571 2273 730 2332 contrarius
747 2289 784 2330 ex
807 2269 897 2330 tribus
917 2270 1054 2330 brevibus

56 2361 83 2412 et
98 2353 203 2432 longa,
218 2354 268 2414 vel
283 2354 341 2414 alio
357 2355 572 2433 quoquomodo
587 2365 618 2415 ιιι
629 2363 760 2434 tempora
775 2355 829 2414 tria
843 2353 947 2414 adduc
962 2355 1055 2414 relata

56 2438 220 2517 sescuplum
232 2438 353 2506 laciant;
367 2447 415 2498 aut
430 2439 554 2538 duplex,
570 2448 601 2499 ut
621 2439 758 2498 iambus
772 2439 852 2516 (nam
864 2446 909 2496 e'st
924 2456 962 2497 ex
972 2437 1055 2504 brevi
1146 2449 1150 2460 ·

56 2529 84 2579 et
98 2520 202 2600 longa)
223 2523 329 2600 quique
350 2531 394 2581 est
418 2523 446 2582 ei
464 2524 634 2583 contrarius.
679 2523 750 2582 Sunt
766 2522 794 2581 bi
816 2530 845 2581 et
869 2523 981 2581 metrici
1001 2531 1098 2599 petat

56 2602 122 2681 des,
149 2606 203 2665 sed
228 2605 285 2666 boc
314 2607 449 2682 interest,
481 2606 558 2684 quod
578 2605 710 2681 rhythmo
733 2604 897 2665 indifferens
919 2612 980 2680 est,
1004 2605 1052 2664 da-

57 2688 188 2762 ctylusne
209 2689 259 2749 ille
273 2691 389 2768 priores
411 2689 517 2750 babeat
538 2689 644 2748 breves
660 2707 696 2749 an
716 2697 883 2766 sequentes.
929 2686 1055 2766 Tempus

12 2835 14 2840 ,
57 2772 127 2832 enim
144 2771 238 2832 solum
253 2774 385 2849 metitur,
404 2783 435 2833 ιιι
450 2792 466 2834 a
479 2773 641 2834 sublatione
653 2772 688 2832 ad
700 2773 872 2851 positionem
884 2771 959 2831 idem
971 2772 1056 2850 spatii

57 2855 100 2913 sit.
144 2854 269 2916 Proinde
291 2856 347 2916 alia
369 2857 509 2917 dimensio
534 2866 580 2916 est
600 2874 753 2924 versuum
773 2872 827 2933 pro
850 2854 966 2931 dactylo
988 2856 1056 2934 poni

56 2954 111 2996 non
128 2941 238 3017 poterit
254 2949 428 3039 anapaestus
451 2951 499 3002 aut
518 2941 682 3020 spondeus,
706 2957 762 3000 nec
778 2955 874 3018 paeon
889 2938 990 2999 eadem
1011 2955 1055 2998 ra·

56 3021 134 3081 tione
152 3021 290 3082 brevibus
316 3025 435 3102 incipiet
451 3042 486 3084 ac
507 3025 630 3085 desinet.
672 3022 776 3102 Neque
792 3022 885 3082 solum
903 3022 988 3082 alium
1003 3027 1097 3120 ριοιθ

56 3102 112 3164 alio
128 3106 232 3185 pedem
247 3116 403 3167 metrorum
419 3109 493 3167 ratio
509 3125 566 3168 oon
582 3108 689 3187 recipit
704 3108 756 3168 sed
776 3125 812 3166 ne
834 3105 977 3181 dactylum
995 3105 1056 3204 qui·

56 3185 120 3247 dem
136 3198 184 3249 aut
199 3190 277 3251 forte
291 3191 451 3269 spondeum
469 3190 591 3251 alterum
610 3209 663 3271 pro
680 3193 783 3252 altero.
821 3188 960 3270 ltaque
936 3207 961 3248 st
976 3190 1055 3266 quin·

57 3286 114 3348 que
129 3275 281 3334 continuos
299 3275 450 3351 dactylos,
467 3284 497 3335 ut
510 3275 563 3335 iit'
555 3295 583 3334 ιιι
600 3276 652 3335 illo

161 3353 313 3419 Panditur
330 3361 451 3420 intereo
466 3361 574 3422 domas
588 3361 797 3437 omnipotentis
814 3357 932 3436 Olympi

56 3437 231 3501 confundas:
253 3442 379 3505 solveris
393 3460 519 3504 versum.
564 3443 636 3504 Sunt
659 3452 688 3503 et
707 3442 757 3502 illa
776 3442 956 3517 discrimina,
979 3437 1098 3519 quodso
