2494 3952
231 190 237 202 ⁸
351 225 442 276 ruso.
462 226 611 276 omnon.
634 227 815 294 n1n.x1,1.
1013 219 1070 280 197

66 391 171 444 nutura
197 399 297 461 parum
323 383 460 460 speciosa
483 399 616 460 quaeque
636 397 693 442 non
718 383 834 457 dicere,
862 383 887 442 si
909 383 1075 446 utrumlibet

66 475 152 526 esset
167 465 304 542 liberum,
325 465 540 540 maluissemus,
563 483 622 524 non
638 475 732 526 tamen
753 467 810 525 sint
824 466 962 528 indecora
977 467 1073 528 dicen·

66 550 157 610 tibus.
189 548 263 622 Quid
278 549 458 626 asperiorem
473 547 583 608 babere
599 549 724 608 frontem
738 557 837 628 potest
852 557 900 610 aut
912 550 979 628 qnid
990 564 1116 620 anresou

67 633 216 692 bominum
231 632 324 709 magis
339 640 489 710 respuunt,
507 648 591 709 quam
607 649 671 692 curn
686 641 732 691 est
747 631 807 692 lilio
824 631 910 692 filiive
926 632 1074 696 advocatis

67 719 98 776 in
114 724 234 776 matrem
252 713 463 794 perorandum?
492 713 656 792 Aliquando
672 724 766 776 tamen
782 733 907 777 neccsse
923 725 978 793 ost,
995 727 1025 778 ut
1045 722 1074 780 in

69 815 161 860 causa
176 797 301 859 Cluentii
317 797 422 858 Habiti.
461 797 520 858 So'd
535 815 592 858 non
606 817 723 878 semper
742 799 792 860 illa
815 800 878 874 ria,
903 817 958 878 qua
975 811 1074 863 contra

68 884 184 943 Sasiam
203 880 308 942 Cicero
329 900 398 940 usus
422 890 481 949 est;
504 898 562 940 non
585 884 651 960 qnia
673 900 731 944 non
745 882 795 942 ille
810 883 918 960 optime
933 892 993 958 est,
1021 887 1074 945 sed

68 967 139 1045 qnia
155 967 305 1044 plurimum
320 965 426 1040 refert,
447 983 502 1043 qua
519 966 547 1024 in
562 983 594 1025 re
612 973 642 1026 et
657 983 715 1044 qno
730 967 816 1026 modo
834 966 940 1031 laedat.
972 966 1115 1045 ltaqueoa

6 1055 7 1058 ’
65 1050 130 1125 illa,
146 1067 210 1109 cunr
225 1049 275 1110 lilii
290 1057 377 1127 capnt
391 1047 485 1127 palam
497 1050 687 1127 impugnaret,
704 1051 817 1110 lortiter
830 1050 881 1110 luit
891 1051 1072 1129 repellenda.

66 1133 268 1209 nontamen,
297 1150 371 1210 quae
393 1132 456 1192 sola
480 1143 666 1211 supererant,
690 1135 785 1194 divine
808 1131 913 1194 Cicero
936 1137 1073 1196 servavit.

67 1217 210 1291 Primum,
235 1235 272 1284 ne
291 1217 514 1276 oblivisceretur
528 1219 727 1293 reverentiae,
750 1235 825 1294 quae
842 1217 1008 1296 parentibus
1024 1219 1073 1278 de-

65 1300 167 1368 betnr;
184 1300 288 1360 deinde
306 1308 346 1376 ut,
362 1301 495 1376 repetitis
511 1300 595 1359 altius
612 1302 722 1374 causis‚
739 1300 958 1376 diligentissime
977 1311 1073 1362 osten·

6 1445 9 1450 ,
67 1385 164 1460 deret,
182 1402 266 1462 qnam
281 1384 325 1458 id,
345 1383 500 1461 quoderat
517 1385 545 1442 in
559 1392 678 1443 matrem
695 1385 834 1459 dicturus,
851 1401 907 1444 non
923 1395 1074 1462 oporteret

66 1468 155 1528 modo
173 1467 235 1527 iteri
250 1468 303 1527 sed
320 1469 406 1530 etiam
421 1483 546 1526 necesse
562 1477 651 1526 esset.
674 1467 825 1545 Primaque
840 1467 914 1528 baec
928 1471 1073 1546 expositio
1081 1481 1116 1536 63

67 1551 138 1626 fuit,
166 1568 326 1629 quanquam
346 1549 382 1610 ad
398 1559 581 1628 praesentem
598 1553 797 1629 quaestionem
813 1551 882 1612 nihil
898 1551 1071 1630 pertinebat.

68 1633 155 1694 Adeo
176 1636 205 1693 in
229 1652 316 1694 causa
338 1633 449 1694 difficili
465 1643 551 1712 atque
567 1635 709 1713 perplexa
723 1635 793 1696 nibil
814 1636 893 1714 prins
908 1638 1073 1696 intuendum

68 1719 208 1794 credidit,
232 1735 315 1796 qnam
336 1716 403 1795 quid
424 1716 554 1778 deceret.
592 1717 674 1778 Fecit
693 1720 789 1796 itaque
816 1735 920 1779 nomen
946 1721 1073 1796 parentis

68 1819 128 1862 non
143 1801 202 1861 lilio
218 1801 405 1877 invidiosum,
426 1802 479 1861 sed
494 1801 566 1880 ipsi,
583 1801 611 1860 in
626 1800 710 1879 quarn
724 1801 883 1862 dicebatur.
918 1802 1018 1862 Potest
1033 1812 1117 1869 ta-od

68 1903 136 1944 men
148 1885 300 1963 aliquando
316 1894 408 1945 mater
423 1894 453 1944 et
466 1885 495 1943 in
509 1901 541 1943 rc
557 1884 669 1944 leviore
685 1887 837 1944 autminus
851 1884 957 1944 infeste
973 1894 1073 1946 contra

69 1969 158 2028 iillum
183 1979 275 2035 stare:
304 1977 363 2028 tum
389 1968 483 2028 lentior
506 1977 594 2045 atque
620 1968 798 2028 summissior
823 1967 940 2028 decebit
968 1969 1071 2028 oratio.

68 2051 142 2112 Nam
171 2061 200 2112 et
227 2051 433 2112 satisfaciendo
461 2061 509 2111 ant
536 2060 662 2112 nostram
687 2053 844 2112 minuemus
870 2051 1003 2112 invidiam
1026 2060 1074 2112 aut

68 2137 155 2196 ctiam
176 2138 204 2194 in
225 2137 371 2196 diuersum
394 2151 458 2194 earn
479 2135 699 2204 transieramus;
725 2144 755 2194 et
777 2136 801 2194 si
822 2137 951 2212 graviter
971 2135 1073 2195 dolere

68 2220 159 2279 lilium
181 2219 275 2296 palam
294 2219 395 2278 luerit:
427 2219 563 2279 credetur
584 2218 689 2278 abessa
714 2219 749 2279 ab
775 2235 811 2278 co
833 2219 947 2296 culpam
965 2217 1074 2296 lictquo

68 2303 148 2362 nltro
165 2301 348 2362 miserabilis.
379 2300 523 2362 Avertere
542 2319 658 2381 quoque
675 2305 704 2361 in
717 2303 791 2362 alios
808 2304 916 2362 crimen
930 2301 1026 2377 decet,
1043 2310 1116 2365 utos

68 2385 173 2446 fraude
193 2386 353 2464 aliquorum
375 2387 488 2445 concita
508 2385 658 2461 credatur,
682 2395 725 2462 et,
747 2387 840 2445 omnia
854 2403 908 2444 nos
923 2401 1074 2464 passuros,

68 2469 140 2529 nibil
159 2487 264 2548 aspera
286 2470 431 2544 dicturos,
456 2468 633 2545 testandum,
658 2478 703 2544 ut,
721 2470 905 2529 etiamsinon
921 2483 1086 2547 possumus.

70 2555 244 2628 conviciari,
261 2553 341 2612 nolle
357 2552 513 2612 videamur.
548 2551 657 2628 Etiam,
680 2554 704 2612 si
720 2553 788 2631 qnid
803 2552 994 2613 obiiciendum
1010 2553 1074 2627 erit,

68 2636 198 2696 oiircium
213 2644 258 2695 est
274 2638 404 2714 patroni,
420 2644 451 2694 nt
466 2635 494 2694 id
512 2635 572 2696 irlio
588 2636 676 2695 inuito
692 2637 745 2696 sed
763 2636 819 2696 lide
835 2644 959 2712 cogente
975 2635 1075 2694 lacere

69 2718 216 2780 credatur.
248 2719 290 2781 lta
309 2721 417 2798 poterit
442 2728 565 2796 uterque
586 2719 706 2780 laudari.
738 2718 822 2792 Quod
843 2718 879 2778 dc
899 2719 1074 2792 numediani,

69 2803 108 2863 dc
124 2811 248 2882 unoque
264 2812 384 2882 parente
400 2803 600 2882 accipiendum
616 2810 671 2862 est.
701 2801 773 2862 Nam
787 2804 862 2861 inter
877 2809 976 2880 patres
992 2803 1076 2866 etiam

69 2886 225 2965 filiosque,
248 2903 311 2946 cunr
333 2887 537 2947 intervenisset
553 2886 760 2964 emancipatio,
785 2886 925 2962 litigatum
942 2886 1014 2945 scio.
1045 2884 1118 2946 Indo

70 2970 136 3030 aliis
158 2987 275 3048 qnoque
297 2970 558 3050 propinquitatibus
581 2969 800 3030 custodiendum
822 2978 883 3045 est,
907 2977 938 3030 nt
951 2969 1032 3030 inviti
1048 2979 1077 3028 et

68 3057 240 3133 necessario
256 3063 285 3114 et
303 3071 392 3132 parce
412 3054 572 3114 iudicemur
589 3053 713 3122 dixisse;
736 3055 828 3131 magis
849 3062 944 3113 autem
963 3061 1012 3112 aut
1026 3054 1075 3112 rni-

69 3155 141 3212 nus‚
170 3146 202 3197 ut
227 3139 332 3217 cuique
359 3153 505 3217 personae
528 3137 652 3198 debetur
673 3139 845 3198 reuerentia.
889 3136 999 3197 Eadem
1022 3152 1075 3213 pro

69 3219 183 3280 libertis
209 3221 349 3282 adversus
375 3231 515 3301 patronos
536 3220 730 3282 observantia.
766 3219 803 3282 Et
826 3229 858 3280 ut
880 3219 973 3280 semel
993 3219 1076 3296 plura

70 3304 266 3382 complectar,
289 3323 433 3384 nunquam
452 3305 569 3366 decebit
586 3307 629 3366 sic
652 3305 792 3365 adversos
813 3303 888 3364 tales
904 3319 994 3380 agere
1009 3320 1076 3380 per·

69 3403 175 3464 sonas,
202 3391 347 3467 quomodo
377 3399 478 3450 contra
503 3406 556 3449 nos
581 3391 629 3466 agi
651 3389 686 3450 ab
712 3387 874 3449 bominibus
900 3386 1077 3446 condicionis

68 3472 203 3532 ciusdem
222 3474 319 3552 iniquo
341 3474 436 3534 animo
460 3474 635 3534 tulissemus.
665 3472 831 3532 Praestatur
852 3471 910 3532 boc
924 3468 1077 3549 aliquando
1085 3475 1118 3531 67
