2494 3952
172 231 230 292 156
352 267 354 272 -
489 237 848 299 nuacouruunnnnr

168 414 235 477 pars
252 397 313 456 eius
330 397 360 456 in
373 393 534 455 nominibus
552 403 597 454 est
613 401 769 471 occupata;
787 402 881 452 tannen
893 392 978 451 utiles
995 393 1073 454 circa
1084 410 1168 471 prae·
1237 373 1239 412 ἓ

169 489 253 558 cepta
276 481 436 539 sententiae
458 477 620 556 levitasque
641 476 794 535 verborum
816 483 846 534 et
867 476 1086 554 compositionis
1102 495 1169 554 pro·
1233 417 1239 568 b

125 563 281 638 osbabilis,
298 562 439 641 daturque
453 563 480 620 ei
497 560 590 639 palma
605 562 633 619 in
648 559 699 618 illo
709 559 804 618 medio
815 576 926 636 genere
941 559 1065 619 dicendi.
1096 558 1169 618 Gon·
1216 586 1222 637 ,ι

167 657 210 708 tra
233 649 261 705 in
284 645 498 706 Antimacho
522 645 565 704 vis
587 652 617 702 et
632 645 758 721 gravitas
781 652 810 702 ct
830 643 943 702 minime
964 642 1088 720 vulgare
1110 645 1170 703 elo·
1215 654 1218 667 ¹

170 731 275 809 quendi
291 748 384 806 genus
401 728 488 789 habat
503 727 626 787 laudem.
668 726 733 786 Sed.
747 727 876 804 quamvis
899 727 925 784 ei
947 727 1093 786 secundas
1110 727 1169 786 fere

167 816 416 891 grammaticorum
436 829 595 871 consensus
613 811 741 870 delerat:
764 817 793 868 ct
815 807 966 868 affectibus
988 819 1018 869 et
1041 811 1168 870 iucundi·

167 906 226 958 tate
243 906 272 956 et
287 897 477 974 dispositione
493 904 522 955 et
545 895 657 953 omnino
682 902 743 952 arte
759 893 909 967 deicitur,
931 901 961 952 ut
978 892 1067 972 plane
1085 896 1168 954 mani-

168 979 244 1040 iesto
257 988 406 1058 appareat,
414 987 520 1058 quanto
533 981 570 1037 sit
581 977 657 1038 aliud
666 979 825 1054 proximum
837 994 904 1035 esse
915 975 991 1036 aliud
1001 978 1168 1038 secundum.

125 1063 350 1138 aaranyasm
366 1081 403 1122 ex
421 1073 545 1140 utroque
560 1062 676 1120 mixtum
689 1069 787 1139 putant
803 1061 831 1118 in
846 1060 1011 1137 eloquendo
1028 1063 1168 1120 neutrius·

168 1163 225 1226 que
247 1163 374 1224 aequare
389 1149 530 1221 virtutes,
553 1144 675 1204 alterum
697 1154 791 1203 tamen
809 1142 844 1202 ab
861 1161 897 1202 eo
913 1145 1033 1203 materia
1049 1144 1168 1204 alterum
1206 1214 1210 1225 Ι

168 1228 338 1309 disponendi
358 1232 470 1290 ratione
495 1229 636 1307 superari.
688 1227 916 1305 Apollonius
944 1228 972 1286 in
999 1227 1133 1288 ordinem
1154 1245 1168 1288 a

167 1315 359 1391 grammaticis
376 1315 470 1374 datum
483 1330 540 1371 non
555 1312 648 1386 venit,
672 1313 736 1391 quia
752 1311 936 1372 Aristarchus
952 1321 1039 1390 atque
1058 1311 1169 1371 Aristo·

168 1396 289 1475 phanes,
306 1406 455 1476 poetarum
470 1396 591 1472 iudices,
607 1397 745 1454 nerninem
762 1397 805 1453 sui
821 1397 960 1472 temporis
978 1398 1005 1455 in
1024 1414 1168 1456 numerum

168 1480 358 1556 redegerunt;
383 1490 554 1540 nontamen
576 1479 813 1540 contemnendum
842 1477 929 1538 edidit
955 1497 1030 1557 opas
1057 1478 1168 1558 aequali

23 1597 29 1600 -
127 1564 292 1641 naqnadam
307 1565 517 1623 mediocritate.
551 1562 793 1624 Aratimateria
811 1569 894 1621 motu·
911 1571 1055 1638 caret,ut
1072 1565 1169 1640 inqua

168 1645 246 1705 nulla
262 1648 398 1721 varietas,
414 1647 509 1707 nullus
525 1645 658 1722 allectus,
670 1645 747 1706 nulla
759 1663 894 1725 persona,
912 1647 991 1706 nulla
1003 1647 1170 1726 cuiusquam

169 1730 205 1788 sit
221 1731 328 1799 oratio;
346 1731 453 1790 scilicit
469 1739 564 1790 tamen
581 1733 678 1808 operi,
703 1732 748 1789 cui
771 1749 803 1790 se
825 1737 922 1807 parem
947 1729 1080 1790 credidit.
1116 1729 1169 1788 hd·

167 1812 305 1874 mirabilis
321 1816 349 1873 in
364 1833 417 1875 suo
433 1832 543 1892 genere
565 1813 803 1887 Theocritus,
829 1813 880 1872 sed
901 1831 980 1872 nausa
998 1813 1048 1872 illa
1064 1816 1170 1873 rustica

69 1917 71 1926 ’
170 1906 200 1956 et
222 1897 376 1976 pastoralis
397 1916 453 1959 non
473 1898 566 1958 iorum
582 1896 667 1957 modo
684 1915 782 1956 verum
800 1897 891 1974 ipsam
909 1899 993 1956 etiarn
1009 1897 1115 1957 urbem
1129 1917 1170 1956 re·
1213 1908 1220 1955 τ

69 2035 100 2049 ,,
127 1980 310 2048 ῦοῐοτιηίἀαι.
349 1981 458 2042 hodite
479 1981 583 2040 videor
603 1981 727 2059 undique
745 1989 937 2057 congerentes
952 1982 1067 2041 nomina
1086 1982 1170 2060 pluri·
1214 1974 1219 2009 ¹

168 2080 276 2124 morum
288 2074 448 2141 poetarum.
468 2061 563 2138 Quid?
574 2063 707 2140 Herculis
720 2073 783 2125 acta
795 2081 852 2122 non
864 2063 940 2124 bene
950 2064 1031 2124 Pisa
1040 2083 1056 2123 n
1065 2065 1084 2124 d
1094 2061 1171 2124 rosi
1220 2058 1226 2163 l

168 2145 387 2207 Nicandrum
409 2149 514 2207 frustra
536 2149 628 2207 secuti
649 2145 747 2208 Macer
768 2157 855 2226 atque
876 2145 1044 2225 Vergilius?
1076 2144 1172 2222 Quid?
1222 2170 1226 2189 ·

168 2228 441 2308 Euphorionem
457 2228 659 2291 transibimus?
677 2248 761 2308 quem
775 2233 828 2290 nisi
843 2231 999 2309 probasset
1008 2231 1172 2309 Vergilius,
1220 2224 1226 2277 ·'

168 2313 243 2374 idem
259 2332 401 2394 nunquam
412 2325 493 2375 certe
509 2315 697 2378 conditorum
711 2312 989 2377 Chalcidioocarsu
1001 2319 1174 2377 cumulatim
1217 2296 1223 2397 ξ

169 2396 291 2456 lecisset
319 2401 347 2457 in
376 2397 523 2458 Bncolicis
543 2401 724 2459 mentionem.
771 2396 866 2472 Quid?
897 2398 1032 2458 horatius
1066 2398 1174 2459 frustra
1217 2404 1223 2463 l

126 2477 504 2555 aalyrtaeumllomero
521 2479 685 2559 subiungit?
718 2480 781 2542 Nec
800 2500 869 2542 sane
888 2485 1037 2560 quisquam
1056 2493 1175 2542 esttam
1219 2492 1225 2569 j

169 2563 271 2641 procul
288 2581 304 2623 a
320 2565 485 2641 cognitione
500 2582 601 2626 eorum
616 2575 758 2641 remotus,
780 2575 881 2625 utnon
896 2567 1018 2626 iudicem
1035 2576 1123 2626 certe
1142 2585 1176 2625 er
1221 2582 1225 2595 ·

168 2645 345 2708 bibliotheca
365 2658 506 2727 sumptum
528 2649 685 2709 transferre
707 2651 736 2709 in
758 2649 848 2710 libros
873 2665 941 2709 suos
965 2651 1070 2728 possit.
1114 2649 1178 2709 Nec

171 2731 274 2807 ignoro
293 2734 379 2809 igitur
395 2750 468 2811 quos
483 2742 600 2793 transeo
615 2751 670 2793 neo
686 2735 784 2812 utique
802 2733 921 2808 damno,
941 2733 1035 2810 utqui
1052 2733 1178 2793 dixerim
1225 2730 1231 2743 '

171 2831 238 2873 esse
253 2817 281 2874 in
297 2816 427 2876 omnibus
442 2817 572 2877 utilitatis
589 2817 705 2894 aliquid.
741 2816 801 2877 Sed
821 2818 855 2877 ad
876 2816 943 2877 illos
961 2817 1016 2876 iarn
1029 2817 1180 2894 perfectis

126 2899 391 2978 osconstitutisqne
407 2900 515 2961 viribus
532 2908 726 2968 revertemur;
750 2899 826 2978 quod
849 2902 876 2959 in
898 2901 998 2961 coenis
1013 2901 1178 2977 grandibus

170 2998 260 3058 saepe
276 2981 406 3058 iacimus,
422 2993 463 3059 ut,
482 3002 546 3044 curn
561 2986 675 3062 optimis
692 2986 786 3043 satiati
805 3002 917 3060 sumus,
936 2983 1063 3043 varietas
1078 2994 1181 3044 tamen

58 3099 63 3107 ι
170 3063 254 3124 nobis
274 3083 312 3126 ex
326 3066 476 3127 vilioribus
491 3077 573 3145 grata
590 3069 635 3143 sit.
676 3066 755 3127 Tunc
776 3077 805 3127 et
829 3069 988 3146 elegiam
1012 3065 1134 3128 vacabit
1152 3071 1181 3127 in

169 3165 267 3209 manus
290 3167 420 3226 sumere,
445 3152 525 3210 cuius
541 3153 678 3230 princeps
693 3147 819 3212 habetur'
836 3150 1101 3228 Callimachus,
1131 3170 1181 3210 se·

125 3241 162 3300 59
172 3233 279 3293 condas
303 3234 488 3294 confessione
510 3234 694 3313 plurimorum
718 3235 885 3296 Philetas
910 3235 1074 3313 occupavit.
1117 3235 1181 3295 Sed

171 3314 237 3376 dnm
262 3320 444 3397 assequimur
467 3318 544 3378 illam
561 3318 684 3394 firmani,
709 3329 739 3378 ut
757 3318 831 3395 dixi,
853 3319 1035 3394 facilitatem,
1057 3320 1181 3396 optimis

171 3402 397 3466 assuescendum
420 3409 466 3462 est
486 3412 517 3462 et
536 3402 623 3462 multa
645 3405 736 3480 magis
758 3421 842 3484 quam
866 3402 1016 3462 multorum
1043 3401 1183 3461 lectione

170 3477 317 3544 formanda
334 3503 414 3546 mens
430 3494 460 3546 et
475 3485 622 3546 ducendus
641 3485 732 3546 color.
767 3484 867 3564 ltaque
883 3484 1025 3546 extribus
1042 3485 1183 3564 receptis
