2436 3956
176 203 216 266 to
495 213 532 260 ιι.
547 210 626 260 run.
643 209 863 278 curuummur

175 366 413 448 hyperbolen
434 382 562 443 quoque,
578 383 642 425 ιιιιιιι
659 375 688 426 ct
702 364 775 425 baec
791 364 819 429 iu
834 373 984 443 utramque
1000 373 1120 443 partem
1136 385 1182 426 ra·

176 451 231 519 lct;
255 449 308 511 aad
331 451 397 529 qula
418 448 526 510 excidit
547 447 604 508 boc
626 466 746 508 nomen:
767 449 795 507 in
819 456 920 527 tropos
938 448 1108 509 did'ereuda
1129 459 1182 510 est.

176 536 258 610 Quos
281 535 416 594 continno
440 531 661 610 subiungerem,
686 532 740 591 uisi
766 541 846 591 esset
870 533 1019 593 coeteris
1043 543 1184 613 separata

174 620 248 680 ratio
264 616 393 694 dicendi,
413 635 490 696 quac
507 624 621 676 constat
636 631 693 674 non
711 616 838 714 propriis
853 614 907 675 sed
923 615 1089 677 translatis.
1129 618 1184 678 De·

173 720 237 763 nnus
253 720 325 780 ergo
341 701 469 763 breviter
483 699 541 760 hoc
557 699 727 762 desiderio'
718 717 773 758 ram
784 716 878 777 paene
893 698 1027 779 publico,
1045 719 1088 760 ne
1106 687 1211 782 omit}

110 793 116 802 ’
174 794 266 847 tumus
283 804 363 862 eum,
387 802 472 865 quem
492 783 626 862 plerique
650 782 836 864 praecipuum
852 800 887 843 ac
903 800 997 862 paene
1015 784 1120 844 solum
1138 803 1211 864 pn

174 877 234 930 taut
252 870 389 930 orationis
405 875 544 928 ornatum.

407 1022 451 1070 DE
475 1019 658 1071 GENERIBUS
675 1017 938 1072 SENTENTIARUM.

257 1116 293 1176 V.
326 1118 565 1192 Sententiam
585 1125 714 1196 veteres,
733 1115 811 1197 quod
827 1116 919 1176 animo
932 1113 1119 1195 sensissent,
1135 1136 1185 1180 uo·

96 1269 101 1276 ,
161 1210 321 1262 caverunt.
358 1200 391 1262 ld
413 1219 477 1262 cum
500 1210 546 1261 est
569 1201 645 1280 apud
667 1209 801 1261 oratores
817 1199 1106 1278 frequentissimum,
1127 1211 1185 1262 tum

174 1285 259 1346 etiam
282 1285 310 1344 iu
334 1303 387 1345 usu
409 1285 553 1346 cotidiano
580 1284 717 1363 quasdam
733 1283 873 1363 reliquias
888 1281 991 1351 babct;
1009 1301 1079 1342 nam
1098 1295 1129 1345 et
1145 1287 1183 1345 iu·

173 1370 261 1430 raturi
276 1388 316 1429 ec·
330 1369 425 1430 orrimi
440 1371 537 1430 nostri
552 1371 702 1430 sententio
724 1377 753 1428 et
775 1366 955 1445 gratulantes
973 1385 1013 1426 en
1027 1372 1183 1430 sententio

150 1452 303 1516 dicimus.
343 1449 409 1510 Non
428 1468 495 1510 raro
513 1461 608 1511 tumen
625 1461 655 1512 et
674 1453 717 1512 sic
733 1452 825 1512 locuti
840 1460 920 1526 sunt,
944 1458 975 1508 ut
997 1468 1115 1512 sensa
1134 1469 1182 1512 sna

144 1511 318 1603 adicerent;
345 1551 409 1593 nam
431 1552 562 1594 sensus
586 1537 718 1613 corporis
739 1532 920 1595 videbantur.
968 1533 1028 1593 Sed
1054 1545 1181 1596 consue·

173 1617 313 1679 tudonem
329 1619 435 1693 tenuit,
462 1626 492 1676 ut
513 1627 610 1679 mente
634 1628 778 1697 concepta
799 1635 903 1677 seusus
920 1634 1117 1695 vocaremus,
1142 1620 1180 1680 lu·

171 1702 245 1760 mina
268 1710 363 1761 autem
380 1702 598 1781 praecipuaque
619 1703 647 1762 iu
668 1702 805 1763 clausulis
830 1702 925 1780 posita
947 1705 1180 1772 sententiam

174 1803 247 1863 quae
273 1787 364 1846 minus
393 1784 561 1846 celebratae
591 1786 667 1866 apud
701 1787 834 1864 antiquos
862 1786 969 1845 nostris
995 1787 1180 1864 temporibus

173 1868 258 1928 modo
276 1879 384 1929 carent.
415 1868 544 1948 ideoque
559 1871 626 1930 mibi
643 1878 672 1930 et
689 1869 725 1929 de
737 1869 894 1946 generibus
911 1886 1008 1929 earum
1025 1878 1055 1928 et
1070 1869 1111 1930 de
1128 1890 1180 1930 usu

173 1951 298 2012 arbitror
313 1971 405 2032 pauca
421 1953 552 2013 dicendo.

144 2046 161 2100 3
257 2035 481 2115 Antiquissimae
507 2045 588 2112 sunt,
622 2053 696 2115 quae
722 2039 859 2116 proprie,
886 2037 1015 2115 quamvis
1044 2039 1179 2099 omnibus

173 2119 248 2179 idem
270 2136 374 2178 nomen
402 2121 457 2195 sit,
479 2120 641 2180 sententiae
657 2130 813 2194 vocantur,
839 2138 910 2198 quus
932 2119 1037 2180 Graeci
1057 2116 1179 2200 γνώμας

173 2203 336 2280 appellant;
361 2211 513 2281 utrumque
535 2212 629 2264 autem
652 2220 756 2265 nomen
772 2223 809 2264 ex
827 2221 863 2263 eo
883 2214 1071 2281 acceperunt,
1101 2206 1178 2284 quod

172 2286 281 2345 slmiles
297 2295 362 2346 sunt
384 2287 513 2346 consiliis
531 2297 579 2346 aut
595 2287 732 2349 decretis.
771 2286 824 2348 Est
842 2297 936 2347 autem
951 2286 1026 2348 haec
1041 2303 1102 2348 vox
1118 2291 1177 2348 nni·

171 2369 312 2444 versalis‚
335 2387 410 2449 quae
432 2372 516 2430 etiam
539 2373 609 2431 citra
639 2370 820 2450 complexum
850 2388 956 2431 causae
986 2375 1082 2449 possit
1110 2391 1176 2433 esse

172 2450 340 2528 laudabilis,
364 2453 476 2512 interim
498 2453 533 2513 ad
558 2473 618 2513 rem
635 2464 742 2515 tautum
758 2454 868 2531 relatu,
891 2463 922 2514 ut
940 2452 1024 2518 Ntttt
1048 2466 1095 2518 est
1116 2466 1175 2518 tom

168 2535 319 2613 populare
345 2552 437 2613 quom
463 2537 545 2598 bonit
534 2547 601 2607 t;as
625 2539 737 2598 interim
759 2539 795 2598 ad
820 2555 991 2617 personam,
1016 2538 1104 2618 quale
1131 2549 1175 2600 est

173 2616 237 2677 Afri
252 2617 385 2695 Domitii,
404 2617 569 2700 Princeps,
592 2639 642 2699 que
637 2623 721 2684 cuit
735 2624 838 2683 omnio
856 2623 954 2700 scire,
976 2643 1104 2687 necesse
1120 2609 1173 2685 ui·

144 2703 220 2764 ibet
243 2704 373 2764 multo
361 2723 531 2782 epaoscere.
570 2703 654 2770 Hanc
676 2706 789 2785 quidam
810 2716 922 2784 purtem
945 2707 1171 2784 enthymematis,

174 2784 286 2863 quidam
308 2788 416 2847 initium
436 2797 484 2848 aut
513 2788 672 2848 clausulam
693 2789 907 2868 epichirematis
932 2808 1000 2851 esse
1024 2791 1169 2860 dixerunt;

172 2877 201 2927 et
223 2879 268 2928 est
286 2869 439 2949 aliquando
456 2889 513 2931 uon
528 2881 623 2932 tamen
638 2891 765 2951 semper.
797 2872 871 2933 Illud
889 2876 1004 2950 verius,
1027 2893 1096 2936 esse
1113 2890 1170 2934 eam

172 2938 324 3028 aliquando
347 2953 525 3033 simplicem,
549 2965 579 3016 ut
595 2974 646 3032 eu,
669 2974 743 3036 quae
760 2975 847 3035 supra
863 2956 935 3027 dixi;
958 2957 1114 3038 aliquando
1130 2974 1169 3018 ra·

171 3036 251 3094 tione
267 3035 414 3098 subiecta:
431 3036 539 3099 Νιιιιι
527 3041 652 3101 inomni
668 3043 851 3140 certamine,
868 3044 921 3120 qui
935 3045 1107 3121 opulentior
1120 3049 1168 3113 est,

171 3119 290 3180 etiamsi
305 3123 418 3200 occipit
434 3123 593 3184 iniurium
592 3133 736 3201 mntem,
764 3127 836 3203 quia
854 3127 925 3205 plus
938 3134 1050 3206 potest,
1066 3129 1169 3206 socero

147 3204 312 3274 videtum
327 3222 528 3283 nonnunquam
542 3206 702 3284 duplicem:
721 3207 906 3286 Obsequium
918 3212 1043 3286 crocos,
1055 3211 1167 3271 veritos

142 3289 272 3348 tortium
293 3291 385 3366 parit.
431 3289 502 3348 Sunt
524 3291 625 3366 etiarn,
652 3294 699 3369 qui
721 3291 823 3352 decem
839 3311 948 3370 genera
963 3293 1103 3367 leceriut,
1120 3288 1167 3350 sed

171 3386 207 3430 eo
223 3372 320 3448 modo,
343 3390 400 3470 quo
419 3373 482 3432 fieri
503 3373 551 3433 vel
572 3375 655 3450 plura
675 3385 815 3452 possunt,
836 3394 890 3453 per
906 3378 1165 3454 interrogationem,

169 3469 224 3542 per
245 3457 504 3535 comparationem,
526 3458 740 3537 infitiationem,
763 3461 991 3540 similitudinem,
1009 3460 1165 3521 admiratio·
