2446 3962
125 301 184 367 186
236 299 238 304 '
444 313 481 360 ιι.
495 309 574 360 rue.
587 309 809 371 oumrrnmur

122 473 196 532 minu
210 471 381 545 iunguntur,
400 475 431 525 ut
445 484 508 526 cum
524 464 672 528 Socratas
687 470 855 526 aecusatus
868 471 928 542 est,
953 465 1035 543 quod
1055 484 1125 530 cor-

121 562 276 633 rumperet
295 554 480 613 iuoeututem
503 559 531 611 et
547 568 643 612 uocas
656 550 885 628 superstitiones
897 549 1127 624 introducerem

122 649 152 700 et
166 636 280 715 singula
295 654 332 696 er
349 633 479 714 pluribus
496 634 688 712 colliguntur,
712 641 743 692 ut
758 650 821 692 cum
842 633 954 712 lupatio
969 633 1051 695 male
1069 655 1127 716 pe·

120 730 169 784 sto
191 722 334 784 obiicitur
354 715 518 796 Aeschini,
540 718 623 798 quod
642 718 784 780 mentitus
803 716 858 793 sit,
888 717 971 793 quod
991 719 1067 781 utut
1088 717 1130 784 eu

119 807 275 868 mandatis
294 803 423 884 lecerit,
446 803 529 882 quad
548 811 685 864 moratus
706 803 762 877 sil,
785 803 867 880 quad
886 819 1015 864 munera
1035 822 1127 866 uoce·

89 893 210 970 operit.
244 889 402 950 Reousetio
419 904 536 965 quoque
550 886 649 965 plures
665 885 778 945 iuterim
793 886 1011 963 propositiones
1025 885 1127 965 hahet,

120 983 152 1035 ιιι
167 982 268 1037 contra
282 973 452 1052 petitionem
471 971 629 1049 pecuniae:
651 968 734 1032 Male
752 969 872 1047 petitis,
891 980 1129 1048 procuratorem

120 1060 200 1122 euim
220 1058 274 1119 stat
295 1074 363 1118 csse
389 1073 448 1116 aaa
478 1057 583 1123 licuil;
602 1055 660 1114 sea
680 1068 780 1129 usquc
800 1053 861 1129 illi,
890 1055 978 1116 cuius
1005 1058 1129 1118 uomiue

119 1142 237 1222 litipas,
259 1138 375 1201 lubere
392 1145 647 1218 procuratorem,-
676 1138 733 1199 scd
752 1153 852 1215 meque
873 1144 919 1198 est
937 1137 1028 1200 lieres
1049 1141 1127 1218 eius,

91 1237 143 1294 ‘ta
158 1243 218 1304 quo
236 1223 397 1302 occepisse
417 1231 552 1283 mutuam
566 1222 674 1290 dicore
692 1220 820 1292 sad-uec
835 1221 898 1299 ipsi
916 1221 1015 1286 debui.
1052 1221 1127 1285 Mul·

121 1309 248 1388 tiplieari
266 1306 341 1368 haec
362 1309 391 1366 io
413 1315 546 1385 quantum
560 1303 632 1364 libet
646 1313 785 1384 possunt,
807 1304 860 1365 sed
880 1321 941 1365 rem
960 1307 1127 1367 ostendisse

122 1395 192 1454 satis
215 1401 270 1452 est.
307 1389 369 1450 Hae
390 1392 416 1450 si
439 1399 581 1468 ponantur
603 1389 753 1467 singulae,
783 1387 922 1449 subiectis
945 1389 1126 1467 probationi·

121 1475 192 1552 bus,
209 1475 309 1554 plures
326 1482 392 1532 sunt
407 1474 642 1552 propositiones;
665 1475 690 1531 si
705 1473 928 1550 coniungantur,
951 1474 979 1532 in
994 1476 1125 1553 partitio·

121 1578 187 1619 nem
204 1558 317 1618 eadunt.
878 1575 881 1580 ’

90 1655 111 1709 8
207 1641 262 1702 Est
280 1648 309 1701 et
323 1639 398 1700 nuda
413 1639 593 1719 propositio,
617 1638 710 1717 qualis
732 1639 796 1700 iere
816 1639 845 1700 iu
861 1639 1124 1704 coniecturalibus:

122 1723 237 1789 Caedis
258 1743 339 1804 apo‚·
358 1725 474 1804 furlum
496 1723 624 1794 obiicim·
647 1731 692 1782 est
712 1725 823 1783 ratione
839 1723 985 1800 subiecta,
1010 1733 1041 1784 ut
1056 1723 1126 1788 Ma·
1152 1797 1157 1807 Ι

119 1813 258 1874 iestalcm
279 1808 387 1870 micuit
408 1805 441 1868 C.
457 1803 626 1886 Cornelius,
648 1825 722 1868 uam
742 1809 878 1870 codicem
897 1809 1039 1870 tribuous
1057 1812 1128 1889 plc-

120 1895 168 1957 dis
188 1896 255 1974 ipse
273 1911 333 1972 pra
354 1893 492 1954 cautione
514 1893 594 1972 lepit.
630 1891 751 1951 Praeter
771 1891 844 1952 haec
864 1892 967 1952 utimur
989 1896 1128 1971 proposi·

120 1979 200 2040 tione
215 1986 263 2036 aut
277 1984 391 2053 nostra,
414 1984 444 2035 ut
466 1972 658 2037 Adulterium
679 1974 809 2046 obiicio,·
829 1985 877 2036 aut
898 1976 1073 2053 adversarii,
1096 1986 1130 2039 ιιι

119 2058 274 2123 Adulterii
293 2079 412 2122 mecum
431 2060 553 2138 opilon-
576 2067 624 2118 aut
639 2059 790 2134 communi,
813 2069 843 2119 ιιι
857 2058 944 2122 later
958 2078 1006 2121 me
1027 2070 1058 2124 et
1070 2061 1128 2124 ad·

119 2145 292 2208 versarium
313 2144 452 2222 quaestio
473 2148 534 2217 cst,
557 2149 627 2204 uter
647 2143 687 2202 sit
706 2142 849 2206 intestata
868 2145 1005 2223 propior.
1047 2143 1127 2206 Non·
1189 2185 1194 2194 ·

120 2245 264 2307 uunquam
279 2226 410 2287 diversas
427 2243 543 2306 quoque
559 2226 715 2303 iungimus:
736 2222 804 2305 Epo
824 2228 881 2290 lma
902 2230 986 2305 dico,
1010 2230 1126 2291 adoer-

120 2315 224 2376 sarius
245 2311 312 2373 lioc.
520 2316 521 2320 ’

88 2404 108 2459 9
202 2394 297 2455 Habet
310 2396 423 2454 iuterim
438 2395 494 2453 vim
509 2394 737 2472 propositionis,
762 2394 872 2453 etiamsi
887 2413 941 2473 per
956 2413 989 2456 se
1005 2413 1064 2456 non
1081 2407 1128 2458 est

120 2479 301 2558 propositio,
325 2495 388 2536 oum
412 2479 547 2555 exposito
570 2496 667 2538 rerum
690 2478 792 2540 ordine
809 2476 989 2539 subiioimus:
1008 2479 1058 2541 Dc
1078 2482 1127 2542 liis

120 2561 324 2641 oopaoscitis,·
341 2569 371 2619 ut
388 2561 425 2618 sit
440 2559 514 2619 haec
529 2563 712 2620 commonitio
728 2562 841 2635 iudicis,
860 2579 916 2641 quo
932 2581 966 2624 se
985 2563 1020 2624 ad
1036 2581 1126 2642 quae·

120 2646 244 2706 stionem
265 2645 360 2704 acrius
380 2643 508 2703 intendat
532 2653 562 2703 et
582 2644 663 2704 velut
686 2645 810 2722 quodam
835 2654 913 2706 tactu
934 2647 1127 2708 resuscitatus

120 2729 205 2789 finem
221 2746 289 2787 esse
302 2728 483 2802 narrationis,
499 2729 607 2788 initium
620 2727 800 2807 probationis
813 2730 967 2808 intelligat,
985 2740 1025 2806 et,
1041 2731 1127 2791 nobis

120 2812 368 2874 confirmationem
381 2811 620 2892 ingredientibus,
635 2813 700 2890 ipse
713 2830 829 2891 quoque
844 2814 1056 2893 quodammodo
1073 2831 1127 2875 no·

118 2914 185 2956 vum
202 2896 335 2957 audiendi
350 2904 443 2956 sumat
456 2896 616 2956 exordium.

456 3019 458 3022 ’
491 3049 533 3098 ou
551 3048 757 3100 rnuuuuuouo.

202 3142 238 3202 V.
269 3143 429 3204 Partitio
453 3152 499 3203 est
519 3154 681 3207 nostrarum
703 3154 751 3205 aut
771 3143 930 3217 adversarii
946 3147 1127 3224 propositio·
1222 3206 1223 3211 ,

119 3247 185 3289 num
205 3235 253 3288 aut
267 3235 451 3305 utrarumque
468 3228 570 3290 ordine
593 3229 738 3290 eollooata
753 3229 941 3288 enumeratio.
977 3227 1041 3289 Hac
1063 3253 1078 3308 u,

120 3313 184 3374 dam
199 3310 335 3371 utendum
350 3327 467 3390 semper
486 3319 602 3389 putant,
625 3313 703 3391 quod
725 3331 760 3373 ea
780 3312 829 3372 fiat
852 3328 939 3372 causa
955 3312 1078 3373 lucidior

119 3396 208 3458 iudex
222 3393 359 3455 attentior
374 3412 409 3454 ac
424 3393 562 3472 docilior,
586 3397 610 3456 si
626 3398 741 3474 scierit,
764 3406 794 3456 et
815 3397 852 3456 de
874 3412 930 3474 quo
956 3396 1075 3456 dicimus

90 3479 158 3542 ude
174 3495 230 3558 quo
246 3479 349 3540 dioturi
365 3487 469 3557 postea
484 3480 581 3539 simus.
620 3479 731 3542 Rursus
753 3481 865 3559 quidam
881 3479 1079 3558 periculosum

122 3565 230 3623 oratori
250 3563 423 3624 arbitrantur
444 3561 553 3624 duabus
577 3581 614 3624 ex
635 3565 747 3625 causis:
774 3565 851 3642 quod
872 3581 1070 3642 nonnunquam
