<?xml version="1.0" encoding="UTF-8"?>
<!DOCTYPE html PUBLIC "-//W3C//DTD XHTML 1.0 Transitional//EN"
    "http://www.w3.org/TR/xhtml1/DTD/xhtml1-transitional.dtd">
<html xmlns="http://www.w3.org/1999/xhtml" xml:lang="en" lang="en">
 <head>
  <title>
</title>
<meta http-equiv="Content-Type" content="text/html;charset=utf-8" />
  <meta name='ocr-system' content='tesseract 3.04.00' />
  <meta name='ocr-capabilities' content='ocr_page ocr_carea ocr_par ocr_line ocrx_word'/>
</head>
<body>
  <div class='ocr_page' id='page_1' title='image "./mfabiiquintilia04quingoog_0494.png"; bbox 0 0 2494 3952; ppageno 0'>
   <div class='ocr_carea' id='block_1_1' title="bbox 323 173 1066 272">
    <p class='ocr_par' dir='ltr' id='par_1_1' title="bbox 323 173 1066 272">
     <span class='ocr_line' id='line_1_1' title="bbox 323 173 1066 272; baseline 0.003 -18"><span class='ocrx_word' id='word_1_1' title='bbox 323 205 413 256; x_wconf 79' lang='lat' dir='ltr'><strong>ruer.</strong></span> <span class='ocrx_word' id='word_1_2' title='bbox 427 203 794 272; x_wconf 61' lang='lat' dir='ltr'><strong>obtenebratione.</strong></span> <span class='ocrx_word' id='word_1_3' title='bbox 875 257 877 262; x_wconf 75' lang='grc'><strong>,</strong></span> <span class='ocrx_word' id='word_1_4' title='bbox 1005 173 1066 256; x_wconf 74' lang='lat'><strong>209</strong></span> 
     </span>
    </p>
   </div>
   <div class='ocr_carea' id='block_1_2' title="bbox 10 357 1216 3206">
    <p class='ocr_par' dir='ltr' id='par_1_2' title="bbox 53 357 1067 524">
     <span class='ocr_line' id='line_1_2' title="bbox 54 357 1067 444; baseline -0.003 -18"><span class='ocrx_word' id='word_1_5' title='bbox 54 362 154 444; x_wconf 89' lang='lat' dir='ltr'><strong>perdit</strong></span> <span class='ocrx_word' id='word_1_6' title='bbox 167 359 216 421; x_wconf 83' lang='lat' dir='ltr'><strong>vel</strong></span> <span class='ocrx_word' id='word_1_7' title='bbox 233 360 291 421; x_wconf 88' lang='lat' dir='ltr'><strong>boc</strong></span> <span class='ocrx_word' id='word_1_8' title='bbox 308 361 389 439; x_wconf 89' lang='lat' dir='ltr'><strong>ipso,</strong></span> <span class='ocrx_word' id='word_1_9' title='bbox 413 357 490 438; x_wconf 84' lang='lat' dir='ltr'><strong>quod</strong></span> <span class='ocrx_word' id='word_1_10' title='bbox 512 360 668 438; x_wconf 81' lang='lat' dir='ltr'><strong>scripsisse</strong></span> <span class='ocrx_word' id='word_1_11' title='bbox 683 377 715 419; x_wconf 90' lang='lat' dir='ltr'><strong>se</strong></span> <span class='ocrx_word' id='word_1_12' title='bbox 733 361 895 421; x_wconf 77' lang='lat' dir='ltr'><strong>confitetor.</strong></span> <span class='ocrx_word' id='word_1_13' title='bbox 927 360 1067 423; x_wconf 85' lang='lat' dir='ltr'><strong>llemorio</strong></span> 
     </span>
     <span class='ocr_line' id='line_1_3' title="bbox 53 442 1065 524; baseline -0.004 -16"><span class='ocrx_word' id='word_1_14' title='bbox 53 455 153 508; x_wconf 84' lang='lat' dir='ltr'><strong>autem</strong></span> <span class='ocrx_word' id='word_1_15' title='bbox 170 443 240 504; x_wconf 84' lang='lat' dir='ltr'><strong>iacit</strong></span> <span class='ocrx_word' id='word_1_16' title='bbox 256 446 341 515; x_wconf 83' lang='lat' dir='ltr'><strong>etiam</strong></span> <span class='ocrx_word' id='word_1_17' title='bbox 356 443 482 522; x_wconf 77' lang='lat' dir='ltr'><strong>prompti</strong></span> <span class='ocrx_word' id='word_1_18' title='bbox 503 444 611 521; x_wconf 82' lang='lat' dir='ltr'><strong>ingenii</strong></span> <span class='ocrx_word' id='word_1_19' title='bbox 626 443 745 520; x_wconf 84' lang='lat' dir='ltr'><strong>famam,</strong></span> <span class='ocrx_word' id='word_1_20' title='bbox 766 453 797 502; x_wconf 92' lang='lat' dir='ltr'><strong>nt</strong></span> <span class='ocrx_word' id='word_1_21' title='bbox 812 442 879 519; x_wconf 87' lang='lat' dir='ltr'><strong>illa,</strong></span> <span class='ocrx_word' id='word_1_22' title='bbox 903 462 978 524; x_wconf 89' lang='lat' dir='ltr'><strong>quae</strong></span> <span class='ocrx_word' id='word_1_23' title='bbox 996 445 1065 506; x_wconf 91' lang='lat' dir='ltr'><strong>dici-</strong></span> 
     </span>
    </p>

    <p class='ocr_par' dir='ltr' id='par_1_3' title="bbox 11 525 1108 1023">
     <span class='ocr_line' id='line_1_4' title="bbox 11 525 1066 607; baseline -0.003 -15"><span class='ocrx_word' id='word_1_24' title='bbox 11 597 12 600; x_wconf 48' lang='lat'><strong>,</strong></span> <span class='ocrx_word' id='word_1_25' title='bbox 52 549 137 607; x_wconf 87' lang='lat' dir='ltr'><strong>mus,</strong></span> <span class='ocrx_word' id='word_1_26' title='bbox 160 545 217 588; x_wconf 91' lang='lat' dir='ltr'><strong>non</strong></span> <span class='ocrx_word' id='word_1_27' title='bbox 238 527 322 588; x_wconf 87' lang='lat' dir='ltr'><strong>domo</strong></span> <span class='ocrx_word' id='word_1_28' title='bbox 346 525 478 587; x_wconf 90' lang='lat' dir='ltr'><strong>attulisse</strong></span> <span class='ocrx_word' id='word_1_29' title='bbox 500 528 554 587; x_wconf 89' lang='lat' dir='ltr'><strong>sed</strong></span> <span class='ocrx_word' id='word_1_30' title='bbox 571 525 610 586; x_wconf 94' lang='lat' dir='ltr'><strong>ibi</strong></span> <span class='ocrx_word' id='word_1_31' title='bbox 632 527 762 605; x_wconf 91' lang='lat' dir='ltr'><strong>protinus</strong></span> <span class='ocrx_word' id='word_1_32' title='bbox 786 528 946 606; x_wconf 81' lang='lat' dir='ltr'><strong>sumpsisse</strong></span> <span class='ocrx_word' id='word_1_33' title='bbox 968 529 1066 589; x_wconf 84' lang='lat' dir='ltr'><strong>videa-</strong></span> 
     </span>
     <span class='ocr_line' id='line_1_5' title="bbox 47 610 1108 692; baseline 0.001 -18"><span class='ocrx_word' id='word_1_34' title='bbox 47 633 135 680; x_wconf 71' lang='lat' dir='ltr'><strong>mur:</strong></span> <span class='ocrx_word' id='word_1_35' title='bbox 158 611 236 692; x_wconf 87' lang='lat' dir='ltr'><strong>qnod</strong></span> <span class='ocrx_word' id='word_1_36' title='bbox 252 621 281 670; x_wconf 90' lang='lat' dir='ltr'><strong>et</strong></span> <span class='ocrx_word' id='word_1_37' title='bbox 297 611 406 670; x_wconf 84' lang='lat' dir='ltr'><strong>oratori</strong></span> <span class='ocrx_word' id='word_1_38' title='bbox 424 619 453 669; x_wconf 91' lang='lat' dir='ltr'><strong>et</strong></span> <span class='ocrx_word' id='word_1_39' title='bbox 468 611 523 689; x_wconf 90' lang='lat' dir='ltr'><strong>ipsi</strong></span> <span class='ocrx_word' id='word_1_40' title='bbox 541 627 646 671; x_wconf 86' lang='lat' dir='ltr'><strong>causae</strong></span> <span class='ocrx_word' id='word_1_41' title='bbox 661 610 812 688; x_wconf 87' lang='lat' dir='ltr'><strong>plurimum</strong></span> <span class='ocrx_word' id='word_1_42' title='bbox 828 611 951 672; x_wconf 85' lang='lat' dir='ltr'><strong>confert.</strong></span> <span class='ocrx_word' id='word_1_43' title='bbox 988 611 1061 672; x_wconf 89' lang='lat' dir='ltr'><strong>Nam</strong></span> <span class='ocrx_word' id='word_1_44' title='bbox 1073 619 1108 676; x_wconf 78' lang='lat' dir='ltr'><strong>tt</strong></span> 
     </span>
     <span class='ocr_line' id='line_1_6' title="bbox 53 692 1060 774; baseline -0.005 -14"><span class='ocrx_word' id='word_1_45' title='bbox 53 708 86 760; x_wconf 88' lang='lat' dir='ltr'><strong>et</strong></span> <span class='ocrx_word' id='word_1_46' title='bbox 102 698 194 774; x_wconf 81' lang='lat' dir='ltr'><strong>magis</strong></span> <span class='ocrx_word' id='word_1_47' title='bbox 214 697 331 756; x_wconf 88' lang='lat' dir='ltr'><strong>miratur</strong></span> <span class='ocrx_word' id='word_1_48' title='bbox 355 703 384 754; x_wconf 89' lang='lat' dir='ltr'><strong>et</strong></span> <span class='ocrx_word' id='word_1_49' title='bbox 398 694 489 754; x_wconf 91' lang='lat' dir='ltr'><strong>minus</strong></span> <span class='ocrx_word' id='word_1_50' title='bbox 511 695 591 753; x_wconf 92' lang='lat' dir='ltr'><strong>timet</strong></span> <span class='ocrx_word' id='word_1_51' title='bbox 608 692 710 769; x_wconf 90' lang='lat' dir='ltr'><strong>iudex,</strong></span> <span class='ocrx_word' id='word_1_52' title='bbox 734 711 809 773; x_wconf 88' lang='lat' dir='ltr'><strong>qnae</strong></span> <span class='ocrx_word' id='word_1_53' title='bbox 830 710 888 753; x_wconf 93' lang='lat' dir='ltr'><strong>non</strong></span> <span class='ocrx_word' id='word_1_54' title='bbox 909 703 991 774; x_wconf 89' lang='lat' dir='ltr'><strong>putat</strong></span> <span class='ocrx_word' id='word_1_55' title='bbox 1012 696 1060 755; x_wconf 90' lang='lat' dir='ltr'><strong>ad·</strong></span> 
     </span>
     <span class='ocr_line' id='line_1_7' title="bbox 52 775 1067 858; baseline -0.003 -17"><span class='ocrx_word' id='word_1_56' title='bbox 52 799 159 841; x_wconf 81' lang='lat' dir='ltr'><strong>versus</strong></span> <span class='ocrx_word' id='word_1_57' title='bbox 183 797 217 839; x_wconf 90' lang='lat' dir='ltr'><strong>se</strong></span> <span class='ocrx_word' id='word_1_58' title='bbox 236 786 419 858; x_wconf 86' lang='lat' dir='ltr'><strong>praeparata.</strong></span> <span class='ocrx_word' id='word_1_59' title='bbox 449 775 551 856; x_wconf 85' lang='lat' dir='ltr'><strong>ltaque</strong></span> <span class='ocrx_word' id='word_1_60' title='bbox 575 777 603 836; x_wconf 93' lang='lat' dir='ltr'><strong>in</strong></span> <span class='ocrx_word' id='word_1_61' title='bbox 625 777 788 838; x_wconf 77' lang='lat' dir='ltr'><strong>actionibus</strong></span> <span class='ocrx_word' id='word_1_62' title='bbox 812 779 887 838; x_wconf 93' lang='lat' dir='ltr'><strong>inter</strong></span> <span class='ocrx_word' id='word_1_63' title='bbox 909 780 1067 857; x_wconf 87' lang='lat' dir='ltr'><strong>praecipua</strong></span> 
     </span>
     <span class='ocr_line' id='line_1_8' title="bbox 52 861 1066 940; baseline -0.004 -14"><span class='ocrx_word' id='word_1_64' title='bbox 52 862 228 926; x_wconf 85' lang='lat' dir='ltr'><strong>seruandum</strong></span> <span class='ocrx_word' id='word_1_65' title='bbox 248 871 309 939; x_wconf 87' lang='lat' dir='ltr'><strong>est,</strong></span> <span class='ocrx_word' id='word_1_66' title='bbox 327 862 360 920; x_wconf 88' lang='lat' dir='ltr'><strong>&#39;ut</strong></span> <span class='ocrx_word' id='word_1_67' title='bbox 380 861 519 939; x_wconf 80' lang='lat' dir='ltr'><strong>quaedam</strong></span> <span class='ocrx_word' id='word_1_68' title='bbox 547 862 648 936; x_wconf 90' lang='lat' dir='ltr'><strong>etiam,</strong></span> <span class='ocrx_word' id='word_1_69' title='bbox 679 878 755 940; x_wconf 86' lang='lat' dir='ltr'><strong>qnae</strong></span> <span class='ocrx_word' id='word_1_70' title='bbox 780 863 889 939; x_wconf 90' lang='lat' dir='ltr'><strong>optime</strong></span> <span class='ocrx_word' id='word_1_71' title='bbox 913 863 1066 938; x_wconf 85' lang='lat' dir='ltr'><strong>vinximus,</strong></span> 
     </span>
     <span class='ocr_line' id='line_1_9' title="bbox 52 943 1066 1023; baseline -0.002 -15"><span class='ocrx_word' id='word_1_72' title='bbox 52 947 136 1008; x_wconf 89' lang='lat' dir='ltr'><strong>velut</strong></span> <span class='ocrx_word' id='word_1_73' title='bbox 152 946 249 1007; x_wconf 90' lang='lat' dir='ltr'><strong>solnta</strong></span> <span class='ocrx_word' id='word_1_74' title='bbox 266 947 445 1004; x_wconf 75' lang='lat' dir='ltr'><strong>enuntiemus</strong></span> <span class='ocrx_word' id='word_1_75' title='bbox 462 953 490 1004; x_wconf 92' lang='lat' dir='ltr'><strong>et</strong></span> <span class='ocrx_word' id='word_1_76' title='bbox 507 943 701 1022; x_wconf 79' lang='lat' dir='ltr'><strong>cogitantibus</strong></span> <span class='ocrx_word' id='word_1_77' title='bbox 716 962 918 1023; x_wconf 85' lang='lat' dir='ltr'><strong>nonnunquam</strong></span> <span class='ocrx_word' id='word_1_78' title='bbox 942 955 970 1006; x_wconf 91' lang='lat' dir='ltr'><strong>et</strong></span> <span class='ocrx_word' id='word_1_79' title='bbox 985 945 1066 1006; x_wconf 90' lang='lat' dir='ltr'><strong>dnbi-</strong></span> 
     </span>
    </p>

    <p class='ocr_par' dir='ltr' id='par_1_4' title="bbox 10 1027 1183 1108">
     <span class='ocr_line' id='line_1_10' title="bbox 10 1027 1183 1108; baseline 0.003 -22"><span class='ocrx_word' id='word_1_80' title='bbox 10 1081 12 1086; x_wconf 90' lang='lat'><em>.</em></span> <span class='ocrx_word' id='word_1_81' title='bbox 53 1031 180 1092; x_wconf 91' lang='lat' dir='ltr'><strong>tautibns</strong></span> <span class='ocrx_word' id='word_1_82' title='bbox 200 1029 309 1089; x_wconf 88' lang='lat' dir='ltr'><strong>similes</strong></span> <span class='ocrx_word' id='word_1_83' title='bbox 333 1046 476 1108; x_wconf 87' lang='lat' dir='ltr'><strong>quaerere</strong></span> <span class='ocrx_word' id='word_1_84' title='bbox 497 1029 660 1104; x_wconf 89' lang='lat' dir='ltr'><strong>videamur,</strong></span> <span class='ocrx_word' id='word_1_85' title='bbox 686 1045 761 1108; x_wconf 86' lang='lat' dir='ltr'><strong>quae</strong></span> <span class='ocrx_word' id='word_1_86' title='bbox 785 1029 941 1090; x_wconf 77' lang='lat' dir='ltr'><strong>attulimus</strong></span> <span class='ocrx_word' id='word_1_87' title='bbox 986 1027 1112 1107; x_wconf 65' lang='lat' dir='ltr'><strong>Ergoda</strong></span> <span class='ocrx_word' id='word_1_88' title='bbox 1180 1053 1183 1056; x_wconf 95' lang='lat'>·</span> 
     </span>
    </p>

    <p class='ocr_par' dir='ltr' id='par_1_5' title="bbox 18 1111 1211 2178">
     <span class='ocr_line' id='line_1_11' title="bbox 18 1111 1067 1194; baseline 0 -20"><span class='ocrx_word' id='word_1_89' title='bbox 18 1141 24 1150; x_wconf 93' lang='lat'>·</span> <span class='ocrx_word' id='word_1_90' title='bbox 53 1115 124 1194; x_wconf 89' lang='lat' dir='ltr'><strong>qnid</strong></span> <span class='ocrx_word' id='word_1_91' title='bbox 146 1115 183 1174; x_wconf 93' lang='lat' dir='ltr'><strong>sit</strong></span> <span class='ocrx_word' id='word_1_92' title='bbox 203 1114 359 1192; x_wconf 88' lang='lat' dir='ltr'><strong>optimum,</strong></span> <span class='ocrx_word' id='word_1_93' title='bbox 379 1111 521 1172; x_wconf 88' lang='lat' dir='ltr'><strong>neminem</strong></span> <span class='ocrx_word' id='word_1_94' title='bbox 536 1111 622 1190; x_wconf 79' lang='lat' dir='ltr'><strong>fugit.</strong></span> <span class='ocrx_word' id='word_1_95' title='bbox 655 1111 777 1172; x_wconf 85' lang='lat' dir='ltr'><strong>sivero</strong></span> <span class='ocrx_word' id='word_1_96' title='bbox 799 1121 847 1172; x_wconf 92' lang='lat' dir='ltr'><strong>aut</strong></span> <span class='ocrx_word' id='word_1_97' title='bbox 862 1115 1000 1173; x_wconf 88' lang='lat' dir='ltr'><strong>memoria</strong></span> <span class='ocrx_word' id='word_1_98' title='bbox 1016 1131 1067 1174; x_wconf 90' lang='lat' dir='ltr'><strong>na·</strong></span> 
     </span>
     <span class='ocr_line' id='line_1_12' title="bbox 53 1194 1066 1273; baseline -0.003 -14"><span class='ocrx_word' id='word_1_99' title='bbox 53 1209 120 1259; x_wconf 90' lang='lat' dir='ltr'><strong>tura</strong></span> <span class='ocrx_word' id='word_1_100' title='bbox 135 1197 233 1258; x_wconf 90' lang='lat' dir='ltr'><strong>durior</strong></span> <span class='ocrx_word' id='word_1_101' title='bbox 249 1197 321 1272; x_wconf 89' lang='lat' dir='ltr'><strong>erit,</strong></span> <span class='ocrx_word' id='word_1_102' title='bbox 344 1205 393 1256; x_wconf 87' lang='lat' dir='ltr'><strong>ant</strong></span> <span class='ocrx_word' id='word_1_103' title='bbox 414 1212 471 1255; x_wconf 90' lang='lat' dir='ltr'><strong>non</strong></span> <span class='ocrx_word' id='word_1_104' title='bbox 486 1194 691 1272; x_wconf 75' lang='lat' dir='ltr'><strong>suffragabitur</strong></span> <span class='ocrx_word' id='word_1_105' title='bbox 709 1203 838 1273; x_wconf 86' lang='lat' dir='ltr'><strong>tempus:</strong></span> <span class='ocrx_word' id='word_1_106' title='bbox 862 1197 947 1256; x_wconf 89' lang='lat' dir='ltr'><strong>etiam</strong></span> <span class='ocrx_word' id='word_1_107' title='bbox 966 1197 1066 1256; x_wconf 88' lang='lat' dir='ltr'><strong>inutile</strong></span> 
     </span>
     <span class='ocr_line' id='line_1_13' title="bbox 54 1278 1067 1356; baseline -0.004 -14"><span class='ocrx_word' id='word_1_108' title='bbox 54 1283 111 1342; x_wconf 92' lang='lat' dir='ltr'><strong>erit</strong></span> <span class='ocrx_word' id='word_1_109' title='bbox 132 1280 167 1341; x_wconf 90' lang='lat' dir='ltr'><strong>ad</strong></span> <span class='ocrx_word' id='word_1_110' title='bbox 191 1281 285 1340; x_wconf 92' lang='lat' dir='ltr'><strong>omnia</strong></span> <span class='ocrx_word' id='word_1_111' title='bbox 309 1295 342 1338; x_wconf 91' lang='lat' dir='ltr'><strong>se</strong></span> <span class='ocrx_word' id='word_1_112' title='bbox 363 1278 452 1340; x_wconf 88' lang='lat' dir='ltr'><strong>verba</strong></span> <span class='ocrx_word' id='word_1_113' title='bbox 474 1278 613 1356; x_wconf 81' lang='lat' dir='ltr'><strong>alligare,</strong></span> <span class='ocrx_word' id='word_1_114' title='bbox 641 1297 705 1338; x_wconf 87' lang='lat' dir='ltr'><strong>cnm</strong></span> <span class='ocrx_word' id='word_1_115' title='bbox 730 1279 839 1339; x_wconf 90' lang='lat' dir='ltr'><strong>oblivio</strong></span> <span class='ocrx_word' id='word_1_116' title='bbox 860 1281 943 1339; x_wconf 87' lang='lat' dir='ltr'><strong>unius</strong></span> <span class='ocrx_word' id='word_1_117' title='bbox 967 1297 1067 1339; x_wconf 88' lang='lat' dir='ltr'><strong>eorum</strong></span> 
     </span>
     <span class='ocr_line' id='line_1_14' title="bbox 55 1361 1066 1426; baseline -0.005 0"><span class='ocrx_word' id='word_1_118' title='bbox 55 1363 211 1426; x_wconf 88' lang='lat' dir='ltr'><strong>cuiuslibet</strong></span> <span class='ocrx_word' id='word_1_119' title='bbox 227 1373 275 1425; x_wconf 90' lang='lat' dir='ltr'><strong>ant</strong></span> <span class='ocrx_word' id='word_1_120' title='bbox 287 1364 447 1425; x_wconf 74' lang='lat' dir='ltr'><strong>deformem</strong></span> <span class='ocrx_word' id='word_1_121' title='bbox 462 1361 682 1422; x_wconf 87' lang='lat' dir='ltr'><strong>haesitationem</strong></span> <span class='ocrx_word' id='word_1_122' title='bbox 697 1365 746 1422; x_wconf 88' lang='lat' dir='ltr'><strong>aut</strong></span> <span class='ocrx_word' id='word_1_123' title='bbox 764 1364 849 1422; x_wconf 92' lang='lat' dir='ltr'><strong>etiam</strong></span> <span class='ocrx_word' id='word_1_124' title='bbox 865 1363 1010 1423; x_wconf 86' lang='lat' dir='ltr'><strong>silentium</strong></span> <span class='ocrx_word' id='word_1_125' title='bbox 1025 1365 1066 1422; x_wconf 89' lang='lat' dir='ltr'><strong>in·</strong></span> 
     </span>
     <span class='ocr_line' id='line_1_15' title="bbox 55 1446 1066 1526; baseline -0.006 -16"><span class='ocrx_word' id='word_1_126' title='bbox 55 1449 159 1515; x_wconf 88' lang='lat' dir='ltr'><strong>ducat;</strong></span> <span class='ocrx_word' id='word_1_127' title='bbox 182 1449 327 1526; x_wconf 84' lang='lat' dir='ltr'><strong>tutiusque</strong></span> <span class='ocrx_word' id='word_1_128' title='bbox 340 1446 430 1506; x_wconf 89' lang='lat' dir='ltr'><strong>multo</strong></span> <span class='ocrx_word' id='word_1_129' title='bbox 447 1446 665 1524; x_wconf 84' lang='lat' dir='ltr'><strong>comprehensis</strong></span> <span class='ocrx_word' id='word_1_130' title='bbox 682 1448 776 1506; x_wconf 90' lang='lat' dir='ltr'><strong>animo</strong></span> <span class='ocrx_word' id='word_1_131' title='bbox 792 1446 880 1506; x_wconf 91' lang='lat' dir='ltr'><strong>rebus</strong></span> <span class='ocrx_word' id='word_1_132' title='bbox 896 1447 967 1526; x_wconf 89' lang='lat' dir='ltr'><strong>ipsis</strong></span> <span class='ocrx_word' id='word_1_133' title='bbox 979 1446 1066 1506; x_wconf 90' lang='lat' dir='ltr'><strong>liber·</strong></span> 
     </span>
     <span class='ocr_line' id='line_1_16' title="bbox 55 1528 1211 1611; baseline 0 -19"><span class='ocrx_word' id='word_1_134' title='bbox 55 1541 146 1592; x_wconf 89' lang='lat' dir='ltr'><strong>tatem</strong></span> <span class='ocrx_word' id='word_1_135' title='bbox 162 1531 217 1591; x_wconf 92' lang='lat' dir='ltr'><strong>sibi</strong></span> <span class='ocrx_word' id='word_1_136' title='bbox 235 1530 391 1611; x_wconf 87' lang='lat' dir='ltr'><strong>eloquendi</strong></span> <span class='ocrx_word' id='word_1_137' title='bbox 407 1531 584 1609; x_wconf 87' lang='lat' dir='ltr'><strong>relinquere.</strong></span> <span class='ocrx_word' id='word_1_138' title='bbox 617 1528 690 1590; x_wconf 85' lang='lat' dir='ltr'><strong>Natu</strong></span> <span class='ocrx_word' id='word_1_139' title='bbox 708 1540 737 1591; x_wconf 91' lang='lat' dir='ltr'><strong>et</strong></span> <span class='ocrx_word' id='word_1_140' title='bbox 757 1531 861 1589; x_wconf 89' lang='lat' dir='ltr'><strong>invitus</strong></span> <span class='ocrx_word' id='word_1_141' title='bbox 879 1529 974 1609; x_wconf 88' lang='lat' dir='ltr'><strong>perdit</strong></span> <span class='ocrx_word' id='word_1_142' title='bbox 990 1531 1111 1608; x_wconf 74' lang='lat' dir='ltr'><strong>quis-49</strong></span> <span class='ocrx_word' id='word_1_143' title='bbox 1210 1585 1211 1592; x_wconf 71' lang='grc'>,</span> 
     </span>
     <span class='ocr_line' id='line_1_17' title="bbox 57 1613 1067 1694; baseline -0.003 -20"><span class='ocrx_word' id='word_1_144' title='bbox 57 1633 115 1694; x_wconf 88' lang='lat' dir='ltr'><strong>qne</strong></span> <span class='ocrx_word' id='word_1_145' title='bbox 132 1614 160 1676; x_wconf 91' lang='lat' dir='ltr'><strong>id</strong></span> <span class='ocrx_word' id='word_1_146' title='bbox 175 1615 252 1694; x_wconf 86' lang='lat' dir='ltr'><strong>quod</strong></span> <span class='ocrx_word' id='word_1_147' title='bbox 268 1615 401 1692; x_wconf 79' lang='lat' dir='ltr'><strong>elegerat</strong></span> <span class='ocrx_word' id='word_1_148' title='bbox 415 1613 553 1688; x_wconf 89' lang='lat' dir='ltr'><strong>verbnm,</strong></span> <span class='ocrx_word' id='word_1_149' title='bbox 575 1631 631 1674; x_wconf 92' lang='lat' dir='ltr'><strong>nec</strong></span> <span class='ocrx_word' id='word_1_150' title='bbox 650 1615 738 1674; x_wconf 89' lang='lat' dir='ltr'><strong>iaoile</strong></span> <span class='ocrx_word' id='word_1_151' title='bbox 753 1616 868 1692; x_wconf 89' lang='lat' dir='ltr'><strong>reponit</strong></span> <span class='ocrx_word' id='word_1_152' title='bbox 884 1613 978 1688; x_wconf 88' lang='lat' dir='ltr'><strong>aliud,</strong></span> <span class='ocrx_word' id='word_1_153' title='bbox 1002 1613 1067 1673; x_wconf 90' lang='lat' dir='ltr'><strong>dum</strong></span> 
     </span>
     <span class='ocr_line' id='line_1_18' title="bbox 56 1697 1067 1777; baseline -0.002 -19"><span class='ocrx_word' id='word_1_154' title='bbox 56 1698 101 1774; x_wconf 92' lang='lat' dir='ltr'><strong>id,</strong></span> <span class='ocrx_word' id='word_1_155' title='bbox 125 1699 202 1776; x_wconf 89' lang='lat' dir='ltr'><strong>quod</strong></span> <span class='ocrx_word' id='word_1_156' title='bbox 223 1700 397 1776; x_wconf 84' lang='lat' dir='ltr'><strong>scripserat,</strong></span> <span class='ocrx_word' id='word_1_157' title='bbox 421 1699 542 1777; x_wconf 88' lang='lat' dir='ltr'><strong>quaerit.</strong></span> <span class='ocrx_word' id='word_1_158' title='bbox 582 1697 642 1757; x_wconf 88' lang='lat' dir='ltr'><strong>Sed</strong></span> <span class='ocrx_word' id='word_1_159' title='bbox 665 1715 702 1757; x_wconf 85' lang='lat' dir='ltr'><strong>ne</strong></span> <span class='ocrx_word' id='word_1_160' title='bbox 724 1697 781 1757; x_wconf 89' lang='lat' dir='ltr'><strong>boo</strong></span> <span class='ocrx_word' id='word_1_161' title='bbox 803 1697 918 1776; x_wconf 86' lang='lat' dir='ltr'><strong>quidem</strong></span> <span class='ocrx_word' id='word_1_162' title='bbox 940 1697 1067 1756; x_wconf 87' lang='lat' dir='ltr'><strong>infirmae</strong></span> 
     </span>
     <span class='ocr_line' id='line_1_19' title="bbox 56 1779 1067 1858; baseline -0.004 -16"><span class='ocrx_word' id='word_1_163' title='bbox 56 1783 212 1842; x_wconf 88' lang='lat' dir='ltr'><strong>memoriae</strong></span> <span class='ocrx_word' id='word_1_164' title='bbox 233 1783 389 1843; x_wconf 87' lang='lat' dir='ltr'><strong>remedium</strong></span> <span class='ocrx_word' id='word_1_165' title='bbox 412 1790 456 1841; x_wconf 92' lang='lat' dir='ltr'><strong>est</strong></span> <span class='ocrx_word' id='word_1_166' title='bbox 475 1781 529 1838; x_wconf 90' lang='lat' dir='ltr'><strong>nisi</strong></span> <span class='ocrx_word' id='word_1_167' title='bbox 552 1781 653 1854; x_wconf 89' lang='lat' dir='ltr'><strong>iniis,</strong></span> <span class='ocrx_word' id='word_1_168' title='bbox 683 1782 732 1858; x_wconf 84' lang='lat' dir='ltr'><strong>qni</strong></span> <span class='ocrx_word' id='word_1_169' title='bbox 753 1779 807 1840; x_wconf 89' lang='lat' dir='ltr'><strong>sibi</strong></span> <span class='ocrx_word' id='word_1_170' title='bbox 827 1780 994 1840; x_wconf 82' lang='lat' dir='ltr'><strong>facultatem</strong></span> <span class='ocrx_word' id='word_1_171' title='bbox 1016 1780 1067 1840; x_wconf 92' lang='lat' dir='ltr'><strong>ali·</strong></span> 
     </span>
     <span class='ocr_line' id='line_1_20' title="bbox 57 1863 1067 1944; baseline -0.004 -19"><span class='ocrx_word' id='word_1_172' title='bbox 57 1865 273 1944; x_wconf 69' lang='lat' dir='ltr'><strong>qnam‘dieen&#39;di</strong></span> <span class='ocrx_word' id='word_1_173' title='bbox 290 1884 327 1925; x_wconf 86' lang='lat' dir='ltr'><strong>ex</strong></span> <span class='ocrx_word' id='word_1_174' title='bbox 348 1874 480 1943; x_wconf 91' lang='lat' dir='ltr'><strong>tempore</strong></span> <span class='ocrx_word' id='word_1_175' title='bbox 496 1872 678 1941; x_wconf 87' lang='lat' dir='ltr'><strong>paraverunt.</strong></span> <span class='ocrx_word' id='word_1_176' title='bbox 714 1863 825 1937; x_wconf 81' lang='lat' dir='ltr'><strong>Quodsi</strong></span> <span class='ocrx_word' id='word_1_177' title='bbox 845 1864 891 1923; x_wconf 88' lang='lat' dir='ltr'><strong>cni</strong></span> <span class='ocrx_word' id='word_1_178' title='bbox 914 1871 1067 1941; x_wconf 86' lang='lat' dir='ltr'><strong>utrumqne</strong></span> 
     </span>
     <span class='ocr_line' id='line_1_21' title="bbox 56 1945 1066 2022; baseline -0.004 -13"><span class='ocrx_word' id='word_1_179' title='bbox 56 1949 199 2010; x_wconf 88' lang='lat' dir='ltr'><strong>deluerit:</strong></span> <span class='ocrx_word' id='word_1_180' title='bbox 223 1949 289 2008; x_wconf 84' lang='lat' dir='ltr'><strong>buia</strong></span> <span class='ocrx_word' id='word_1_181' title='bbox 305 1951 439 2009; x_wconf 90' lang='lat' dir='ltr'><strong>omittere</strong></span> <span class='ocrx_word' id='word_1_182' title='bbox 454 1948 568 2008; x_wconf 92' lang='lat' dir='ltr'><strong>omnino</strong></span> <span class='ocrx_word' id='word_1_183' title='bbox 584 1955 674 2007; x_wconf 88' lang='lat' dir='ltr'><strong>totum</strong></span> <span class='ocrx_word' id='word_1_184' title='bbox 692 1948 836 2006; x_wconf 88' lang='lat' dir='ltr'><strong>actionum</strong></span> <span class='ocrx_word' id='word_1_185' title='bbox 852 1945 998 2022; x_wconf 90' lang='lat' dir='ltr'><strong>laborem,</strong></span> <span class='ocrx_word' id='word_1_186' title='bbox 1020 1964 1066 2022; x_wconf 89' lang='lat' dir='ltr'><strong>ao,</strong></span> 
     </span>
     <span class='ocr_line' id='line_1_22' title="bbox 57 2029 1066 2111; baseline -0.005 -18"><span class='ocrx_word' id='word_1_187' title='bbox 57 2035 82 2093; x_wconf 86' lang='lat' dir='ltr'><strong>si</strong></span> <span class='ocrx_word' id='word_1_188' title='bbox 101 2032 169 2111; x_wconf 84' lang='lat' dir='ltr'><strong>quid</strong></span> <span class='ocrx_word' id='word_1_189' title='bbox 184 2034 211 2092; x_wconf 93' lang='lat' dir='ltr'><strong>in</strong></span> <span class='ocrx_word' id='word_1_190' title='bbox 227 2032 332 2093; x_wconf 86' lang='lat' dir='ltr'><strong>litteris</strong></span> <span class='ocrx_word' id='word_1_191' title='bbox 353 2033 448 2108; x_wconf 87' lang='lat' dir='ltr'><strong>valet,</strong></span> <span class='ocrx_word' id='word_1_192' title='bbox 468 2030 504 2091; x_wconf 93' lang='lat' dir='ltr'><strong>ad</strong></span> <span class='ocrx_word' id='word_1_193' title='bbox 527 2030 710 2106; x_wconf 78' lang='lat' dir='ltr'><strong>scribendum</strong></span> <span class='ocrx_word' id='word_1_194' title='bbox 726 2031 823 2109; x_wconf 86' lang='lat' dir='ltr'><strong>potins</strong></span> <span class='ocrx_word' id='word_1_195' title='bbox 846 2029 976 2090; x_wconf 83' lang='lat' dir='ltr'><strong>suadebo</strong></span> <span class='ocrx_word' id='word_1_196' title='bbox 998 2046 1066 2090; x_wconf 89' lang='lat' dir='ltr'><strong>oon-</strong></span> 
     </span>
     <span class='ocr_line' id='line_1_23' title="bbox 55 2115 701 2178; baseline -0.009 0"><span class='ocrx_word' id='word_1_197' title='bbox 55 2125 184 2178; x_wconf 83' lang='lat' dir='ltr'><strong>vertete.</strong></span> <span class='ocrx_word' id='word_1_198' title='bbox 216 2116 275 2177; x_wconf 87' lang='lat' dir='ltr'><strong>Sed</strong></span> <span class='ocrx_word' id='word_1_199' title='bbox 290 2116 363 2176; x_wconf 90' lang='lat' dir='ltr'><strong>baec</strong></span> <span class='ocrx_word' id='word_1_200' title='bbox 380 2133 445 2176; x_wconf 91' lang='lat' dir='ltr'><strong>rara</strong></span> <span class='ocrx_word' id='word_1_201' title='bbox 462 2115 619 2176; x_wconf 81' lang='lat' dir='ltr'><strong>infelicitas</strong></span> <span class='ocrx_word' id='word_1_202' title='bbox 636 2116 701 2173; x_wconf 90' lang='lat' dir='ltr'><strong>erit.</strong></span> 
     </span>
    </p>

    <p class='ocr_par' dir='ltr' id='par_1_6' title="bbox 56 2195 1216 2442">
     <span class='ocr_line' id='line_1_24' title="bbox 144 2195 1216 2279; baseline -0.002 -20"><span class='ocrx_word' id='word_1_203' title='bbox 144 2197 281 2260; x_wconf 83' lang='lat' dir='ltr'><strong>Ceterum</strong></span> <span class='ocrx_word' id='word_1_204' title='bbox 296 2211 430 2279; x_wconf 86' lang='lat' dir='ltr'><strong>qnantum</strong></span> <span class='ocrx_word' id='word_1_205' title='bbox 445 2208 546 2259; x_wconf 89' lang='lat' dir='ltr'><strong>natura</strong></span> <span class='ocrx_word' id='word_1_206' title='bbox 562 2197 716 2276; x_wconf 87' lang='lat' dir='ltr'><strong>studioque</strong></span> <span class='ocrx_word' id='word_1_207' title='bbox 731 2196 829 2257; x_wconf 86' lang='lat' dir='ltr'><strong>valeat</strong></span> <span class='ocrx_word' id='word_1_208' title='bbox 846 2199 1000 2273; x_wconf 89' lang='lat' dir='ltr'><strong>memoria,</strong></span> <span class='ocrx_word' id='word_1_209' title='bbox 1018 2195 1066 2256; x_wconf 90' lang='lat' dir='ltr'><strong>vel</strong></span> <span class='ocrx_word' id='word_1_210' title='bbox 1076 2207 1113 2260; x_wconf 82' lang='lat'><strong>50</strong></span> <span class='ocrx_word' id='word_1_211' title='bbox 1213 2225 1216 2231; x_wconf 48' lang='lat'><strong>⁴</strong></span> 
     </span>
     <span class='ocr_line' id='line_1_25' title="bbox 56 2279 1067 2363; baseline -0.005 -18"><span class='ocrx_word' id='word_1_212' title='bbox 56 2283 270 2344; x_wconf 83' lang='lat' dir='ltr'><strong>Themistocles</strong></span> <span class='ocrx_word' id='word_1_213' title='bbox 287 2285 388 2360; x_wconf 88' lang='lat' dir='ltr'><strong>testis,</strong></span> <span class='ocrx_word' id='word_1_214' title='bbox 409 2299 494 2363; x_wconf 83' lang='lat' dir='ltr'><strong>quern</strong></span> <span class='ocrx_word' id='word_1_215' title='bbox 509 2300 595 2342; x_wconf 90' lang='lat' dir='ltr'><strong>unum</strong></span> <span class='ocrx_word' id='word_1_216' title='bbox 611 2283 684 2341; x_wconf 94' lang='lat' dir='ltr'><strong>intra</strong></span> <span class='ocrx_word' id='word_1_217' title='bbox 701 2297 804 2340; x_wconf 90' lang='lat' dir='ltr'><strong>annum</strong></span> <span class='ocrx_word' id='word_1_218' title='bbox 820 2279 1067 2360; x_wconf 84' lang='lat' dir='ltr'><strong>optimolocutnm</strong></span> 
     </span>
     <span class='ocr_line' id='line_1_26' title="bbox 57 2362 1067 2442; baseline -0.003 -16"><span class='ocrx_word' id='word_1_219' title='bbox 57 2365 128 2426; x_wconf 79' lang='lat' dir='ltr'><strong>ess&#39;e</strong></span> <span class='ocrx_word' id='word_1_220' title='bbox 144 2366 262 2428; x_wconf 83' lang='lat' dir='ltr'><strong>Persice</strong></span> <span class='ocrx_word' id='word_1_221' title='bbox 279 2376 407 2434; x_wconf 81' lang='lat' dir='ltr'><strong>constat:</strong></span> <span class='ocrx_word' id='word_1_222' title='bbox 429 2367 477 2426; x_wconf 82' lang='lat' dir='ltr'><strong>vel</strong></span> <span class='ocrx_word' id='word_1_223' title='bbox 490 2365 685 2439; x_wconf 85' lang='lat' dir='ltr'><strong>Mithridates,</strong></span> <span class='ocrx_word' id='word_1_224' title='bbox 708 2365 754 2424; x_wconf 90' lang='lat' dir='ltr'><strong>cui</strong></span> <span class='ocrx_word' id='word_1_225' title='bbox 769 2365 838 2424; x_wconf 86' lang='lat' dir='ltr'><strong>duas</strong></span> <span class='ocrx_word' id='word_1_226' title='bbox 856 2373 885 2423; x_wconf 89' lang='lat' dir='ltr'><strong>et</strong></span> <span class='ocrx_word' id='word_1_227' title='bbox 899 2364 1000 2442; x_wconf 80' lang='lat' dir='ltr'><strong>viginti</strong></span> <span class='ocrx_word' id='word_1_228' title='bbox 1015 2362 1067 2423; x_wconf 93' lang='lat' dir='ltr'><strong>lin·</strong></span> 
     </span>
    </p>

    <p class='ocr_par' dir='ltr' id='par_1_7' title="bbox 10 2445 1068 2530">
     <span class='ocr_line' id='line_1_27' title="bbox 10 2445 1068 2530; baseline -0.002 -20"><span class='ocrx_word' id='word_1_229' title='bbox 10 2483 12 2520; x_wconf 82' lang='grc'>;</span> <span class='ocrx_word' id='word_1_230' title='bbox 57 2445 151 2528; x_wconf 68' lang='grc' dir='ltr'>ςιιιὲ,</span> <span class='ocrx_word' id='word_1_231' title='bbox 173 2459 244 2530; x_wconf 85' lang='lat' dir='ltr'><strong>quot</strong></span> <span class='ocrx_word' id='word_1_232' title='bbox 266 2451 428 2512; x_wconf 89' lang='lat' dir='ltr'><strong>nationibus</strong></span> <span class='ocrx_word' id='word_1_233' title='bbox 445 2448 622 2527; x_wconf 90' lang='lat' dir='ltr'><strong>imperabat,</strong></span> <span class='ocrx_word' id='word_1_234' title='bbox 645 2447 766 2508; x_wconf 91' lang='lat' dir='ltr'><strong>traditur</strong></span> <span class='ocrx_word' id='word_1_235' title='bbox 785 2455 868 2508; x_wconf 89' lang='lat' dir='ltr'><strong>notas</strong></span> <span class='ocrx_word' id='word_1_236' title='bbox 889 2447 995 2514; x_wconf 78' lang='lat' dir='ltr'><strong>inisse:</strong></span> <span class='ocrx_word' id='word_1_237' title='bbox 1020 2447 1068 2508; x_wconf 86' lang='lat' dir='ltr'><strong>vel</strong></span> 
     </span>
    </p>

    <p class='ocr_par' dir='ltr' id='par_1_8' title="bbox 10 2527 1069 2613">
     <span class='ocr_line' id='line_1_28' title="bbox 10 2527 1069 2613; baseline -0.004 -19"><span class='ocrx_word' id='word_1_238' title='bbox 10 2527 12 2604; x_wconf 65' lang='lat' dir='ltr'>f</span> <span class='ocrx_word' id='word_1_239' title='bbox 58 2532 184 2594; x_wconf 78' lang='lat' dir='ltr'><strong>Crassus</strong></span> <span class='ocrx_word' id='word_1_240' title='bbox 200 2533 251 2595; x_wconf 91' lang='lat' dir='ltr'><strong>ille</strong></span> <span class='ocrx_word' id='word_1_241' title='bbox 266 2536 359 2610; x_wconf 84' lang='lat' dir='ltr'><strong>diues,</strong></span> <span class='ocrx_word' id='word_1_242' title='bbox 376 2535 435 2613; x_wconf 85' lang='lat' dir='ltr'><strong>qni,</strong></span> <span class='ocrx_word' id='word_1_243' title='bbox 453 2551 516 2593; x_wconf 88' lang='lat' dir='ltr'><strong>curn</strong></span> <span class='ocrx_word' id='word_1_244' title='bbox 532 2532 622 2592; x_wconf 79' lang='lat' dir='ltr'><strong>Asiae</strong></span> <span class='ocrx_word' id='word_1_245' title='bbox 637 2541 808 2610; x_wconf 87' lang='lat' dir='ltr'><strong>praeesset,</strong></span> <span class='ocrx_word' id='word_1_246' title='bbox 829 2533 954 2610; x_wconf 83' lang='lat' dir='ltr'><strong>quinque</strong></span> <span class='ocrx_word' id='word_1_247' title='bbox 965 2531 1069 2592; x_wconf 84' lang='lat' dir='ltr'><strong>Graeci</strong></span> 
     </span>
    </p>

    <p class='ocr_par' dir='ltr' id='par_1_9' title="bbox 10 2614 1069 2696">
     <span class='ocr_line' id='line_1_29' title="bbox 10 2614 1069 2696; baseline -0.005 -19"><span class='ocrx_word' id='word_1_248' title='bbox 10 2655 11 2696; x_wconf 81' lang='lat'>3</span> <span class='ocrx_word' id='word_1_249' title='bbox 57 2619 201 2677; x_wconf 90' lang='lat' dir='ltr'><strong>sermonis</strong></span> <span class='ocrx_word' id='word_1_250' title='bbox 224 2617 401 2678; x_wconf 79' lang='lat' dir='ltr'><strong>differentias</strong></span> <span class='ocrx_word' id='word_1_251' title='bbox 420 2618 463 2677; x_wconf 88' lang='lat' dir='ltr'><strong>sic</strong></span> <span class='ocrx_word' id='word_1_252' title='bbox 484 2617 590 2690; x_wconf 89' lang='lat' dir='ltr'><strong>tenuit,</strong></span> <span class='ocrx_word' id='word_1_253' title='bbox 614 2625 661 2690; x_wconf 93' lang='lat' dir='ltr'><strong>nt,</strong></span> <span class='ocrx_word' id='word_1_254' title='bbox 684 2631 740 2693; x_wconf 86' lang='lat' dir='ltr'><strong>qna</strong></span> <span class='ocrx_word' id='word_1_255' title='bbox 763 2615 886 2694; x_wconf 84' lang='lat' dir='ltr'><strong>quisque</strong></span> <span class='ocrx_word' id='word_1_256' title='bbox 908 2614 983 2692; x_wconf 84' lang='lat' dir='ltr'><strong>upnd</strong></span> <span class='ocrx_word' id='word_1_257' title='bbox 1004 2630 1069 2673; x_wconf 90' lang='lat' dir='ltr'><strong>enm</strong></span> 
     </span>
    </p>

    <p class='ocr_par' dir='ltr' id='par_1_10' title="bbox 10 2695 1067 2780">
     <span class='ocr_line' id='line_1_30' title="bbox 10 2695 1067 2780; baseline -0.006 -19"><span class='ocrx_word' id='word_1_258' title='bbox 10 2731 11 2734; x_wconf 35' lang='lat'>¹</span> <span class='ocrx_word' id='word_1_259' title='bbox 57 2701 157 2777; x_wconf 84' lang='lat' dir='ltr'><strong>lingua</strong></span> <span class='ocrx_word' id='word_1_260' title='bbox 173 2701 363 2780; x_wconf 86' lang='lat' dir='ltr'><strong>postulasset,</strong></span> <span class='ocrx_word' id='word_1_261' title='bbox 382 2700 483 2762; x_wconf 90' lang='lat' dir='ltr'><strong>eadem</strong></span> <span class='ocrx_word' id='word_1_262' title='bbox 501 2702 545 2760; x_wconf 89' lang='lat' dir='ltr'><strong>ius</strong></span> <span class='ocrx_word' id='word_1_263' title='bbox 557 2698 612 2758; x_wconf 91' lang='lat' dir='ltr'><strong>sibi</strong></span> <span class='ocrx_word' id='word_1_264' title='bbox 628 2698 769 2759; x_wconf 90' lang='lat' dir='ltr'><strong>redditum</strong></span> <span class='ocrx_word' id='word_1_265' title='bbox 780 2698 886 2766; x_wconf 91' lang='lat' dir='ltr'><strong>ierret;</strong></span> <span class='ocrx_word' id='word_1_266' title='bbox 904 2695 1067 2773; x_wconf 66' lang='lat' dir='ltr'><strong>vellimus,</strong></span> 
     </span>
    </p>

    <p class='ocr_par' dir='ltr' id='par_1_11' title="bbox 10 2779 1113 3114">
     <span class='ocr_line' id='line_1_31' title="bbox 10 2779 1113 2862; baseline 0.001 -19"><span class='ocrx_word' id='word_1_267' title='bbox 10 2799 11 2804; x_wconf 51' lang='lat'>¹</span> <span class='ocrx_word' id='word_1_268' title='bbox 58 2801 145 2862; x_wconf 63' lang='lat' dir='ltr'><strong>mem</strong></span> <span class='ocrx_word' id='word_1_269' title='bbox 167 2787 290 2844; x_wconf 89' lang='lat' dir='ltr'><strong>omniurn</strong></span> <span class='ocrx_word' id='word_1_270' title='bbox 310 2785 429 2845; x_wconf 89' lang='lat' dir='ltr'><strong>militnm</strong></span> <span class='ocrx_word' id='word_1_271' title='bbox 450 2784 580 2844; x_wconf 90' lang='lat' dir='ltr'><strong>tenuisse</strong></span> <span class='ocrx_word' id='word_1_272' title='bbox 602 2782 742 2842; x_wconf 89' lang='lat' dir='ltr'><strong>creditum</strong></span> <span class='ocrx_word' id='word_1_273' title='bbox 762 2791 807 2842; x_wconf 90' lang='lat' dir='ltr'><strong>est</strong></span> <span class='ocrx_word' id='word_1_274' title='bbox 825 2781 948 2840; x_wconf 90' lang='lat' dir='ltr'><strong>nomina.</strong></span> <span class='ocrx_word' id='word_1_275' title='bbox 994 2779 1113 2854; x_wconf 75' lang='lat' dir='ltr'><strong>Quinti.</strong></span> 
     </span>
     <span class='ocr_line' id='line_1_32' title="bbox 58 2864 1068 2949; baseline -0.004 -23"><span class='ocrx_word' id='word_1_276' title='bbox 58 2868 152 2927; x_wconf 92' lang='lat' dir='ltr'><strong>semel</strong></span> <span class='ocrx_word' id='word_1_277' title='bbox 176 2868 288 2929; x_wconf 91' lang='lat' dir='ltr'><strong>auditos</strong></span> <span class='ocrx_word' id='word_1_278' title='bbox 312 2867 471 2949; x_wconf 86' lang='lat' dir='ltr'><strong>quamlibet</strong></span> <span class='ocrx_word' id='word_1_279' title='bbox 489 2867 593 2926; x_wconf 90' lang='lat' dir='ltr'><strong>multos</strong></span> <span class='ocrx_word' id='word_1_280' title='bbox 611 2883 714 2927; x_wconf 87' lang='lat' dir='ltr'><strong>versus</strong></span> <span class='ocrx_word' id='word_1_281' title='bbox 736 2866 866 2944; x_wconf 91' lang='lat' dir='ltr'><strong>protinus</strong></span> <span class='ocrx_word' id='word_1_282' title='bbox 887 2865 990 2924; x_wconf 90' lang='lat' dir='ltr'><strong>dicitur</strong></span> <span class='ocrx_word' id='word_1_283' title='bbox 1004 2864 1068 2922; x_wconf 92' lang='lat' dir='ltr'><strong>red·</strong></span> 
     </span>
     <span class='ocr_line' id='line_1_33' title="bbox 58 2947 1068 3026; baseline -0.004 -16"><span class='ocrx_word' id='word_1_284' title='bbox 58 2950 168 3010; x_wconf 89' lang='lat' dir='ltr'><strong>didisse</strong></span> <span class='ocrx_word' id='word_1_285' title='bbox 185 2950 381 3013; x_wconf 79' lang='lat' dir='ltr'><strong>Theodectes.</strong></span> <span class='ocrx_word' id='word_1_286' title='bbox 416 2950 595 3012; x_wconf 86' lang='lat' dir='ltr'><strong>Dicebantnr</strong></span> <span class='ocrx_word' id='word_1_287' title='bbox 616 2951 701 3009; x_wconf 89' lang='lat' dir='ltr'><strong>etiam</strong></span> <span class='ocrx_word' id='word_1_288' title='bbox 718 2965 793 3008; x_wconf 88' lang='lat' dir='ltr'><strong>nnnc</strong></span> <span class='ocrx_word' id='word_1_289' title='bbox 815 2966 900 3025; x_wconf 90' lang='lat' dir='ltr'><strong>esse,</strong></span> <span class='ocrx_word' id='word_1_290' title='bbox 923 2948 972 3026; x_wconf 83' lang='lat' dir='ltr'><strong>qui</strong></span> <span class='ocrx_word' id='word_1_291' title='bbox 988 2947 1068 3006; x_wconf 85' lang='lat' dir='ltr'><strong>iace·</strong></span> 
     </span>
     <span class='ocr_line' id='line_1_34' title="bbox 57 3029 1067 3114; baseline -0.002 -21"><span class='ocrx_word' id='word_1_292' title='bbox 57 3043 141 3109; x_wconf 90' lang='lat' dir='ltr'><strong>rent,</strong></span> <span class='ocrx_word' id='word_1_293' title='bbox 164 3035 216 3094; x_wconf 90' lang='lat' dir='ltr'><strong>sed</strong></span> <span class='ocrx_word' id='word_1_294' title='bbox 242 3037 308 3096; x_wconf 88' lang='lat' dir='ltr'><strong>mibi</strong></span> <span class='ocrx_word' id='word_1_295' title='bbox 331 3053 489 3114; x_wconf 85' lang='lat' dir='ltr'><strong>nunqnam,</strong></span> <span class='ocrx_word' id='word_1_296' title='bbox 512 3043 542 3093; x_wconf 91' lang='lat' dir='ltr'><strong>nt</strong></span> <span class='ocrx_word' id='word_1_297' title='bbox 557 3036 621 3111; x_wconf 90' lang='lat' dir='ltr'><strong>ipse</strong></span> <span class='ocrx_word' id='word_1_298' title='bbox 642 3034 831 3108; x_wconf 88' lang='lat' dir='ltr'><strong>interessem,</strong></span> <span class='ocrx_word' id='word_1_299' title='bbox 857 3033 995 3109; x_wconf 79' lang='lat' dir='ltr'><strong>eontigii;</strong></span> <span class='ocrx_word' id='word_1_300' title='bbox 1017 3029 1067 3091; x_wconf 85' lang='lat' dir='ltr'><strong>ba·</strong></span> 
     </span>
    </p>

    <p class='ocr_par' dir='ltr' id='par_1_12' title="bbox 10 3115 1066 3206">
     <span class='ocr_line' id='line_1_35' title="bbox 10 3115 1066 3206; baseline -0.004 -30"><span class='ocrx_word' id='word_1_301' title='bbox 10 3199 11 3206; x_wconf 8' lang='grc' dir='ltr'>ἵ</span> <span class='ocrx_word' id='word_1_302' title='bbox 57 3115 153 3179; x_wconf 91' lang='lat' dir='ltr'><strong>benda</strong></span> <span class='ocrx_word' id='word_1_303' title='bbox 164 3127 259 3178; x_wconf 87' lang='lat' dir='ltr'><strong>tamen</strong></span> <span class='ocrx_word' id='word_1_304' title='bbox 272 3119 344 3180; x_wconf 89' lang='lat' dir='ltr'><strong>lides</strong></span> <span class='ocrx_word' id='word_1_305' title='bbox 361 3128 407 3179; x_wconf 89' lang='lat' dir='ltr'><strong>est</strong></span> <span class='ocrx_word' id='word_1_306' title='bbox 420 3118 469 3179; x_wconf 85' lang='lat' dir='ltr'><strong>vel</strong></span> <span class='ocrx_word' id='word_1_307' title='bbox 484 3117 591 3191; x_wconf 89' lang='lat' dir='ltr'><strong>iuhoc,</strong></span> <span class='ocrx_word' id='word_1_308' title='bbox 609 3126 652 3192; x_wconf 87' lang='lat' dir='ltr'><strong>ut,</strong></span> <span class='ocrx_word' id='word_1_309' title='bbox 668 3117 717 3197; x_wconf 84' lang='lat' dir='ltr'><strong>qni</strong></span> <span class='ocrx_word' id='word_1_310' title='bbox 732 3115 899 3192; x_wconf 88' lang='lat' dir='ltr'><strong>crediderit,</strong></span> <span class='ocrx_word' id='word_1_311' title='bbox 915 3124 944 3174; x_wconf 93' lang='lat' dir='ltr'><strong>et</strong></span> <span class='ocrx_word' id='word_1_312' title='bbox 956 3122 1066 3194; x_wconf 89' lang='lat' dir='ltr'><strong>speret.</strong></span> 
     </span>
    </p>
   </div>
   <div class='ocr_carea' id='block_1_3' title="bbox 10 3269 746 3362">
    <p class='ocr_par' dir='ltr' id='par_1_13' title="bbox 10 3269 746 3362">
     <span class='ocr_line' id='line_1_36' title="bbox 10 3269 746 3362; baseline 0 -42"><span class='ocrx_word' id='word_1_313' title='bbox 10 3277 13 3362; x_wconf 55' lang='lat' dir='ltr'><strong>p</strong></span> <span class='ocrx_word' id='word_1_314' title='bbox 287 3328 292 3340; x_wconf 55' lang='grc'>,</span> <span class='ocrx_word' id='word_1_315' title='bbox 385 3271 429 3320; x_wconf 88' lang='lat' dir='ltr'><strong>nn</strong></span> <span class='ocrx_word' id='word_1_316' title='bbox 446 3269 746 3322; x_wconf 83' lang='lat' dir='ltr'><strong>rnonnnrrnrronn.</strong></span> 
     </span>
    </p>
   </div>
   <div class='ocr_carea' id='block_1_4' title="bbox 10 3370 1070 3611">
    <p class='ocr_par' dir='ltr' id='par_1_14' title="bbox 10 3370 1070 3611">
     <span class='ocr_line' id='line_1_37' title="bbox 10 3370 1067 3452; baseline -0.007 -18"><span class='ocrx_word' id='word_1_317' title='bbox 10 3385 14 3452; x_wconf 56' lang='lat' dir='ltr'><strong>p</strong></span> <span class='ocrx_word' id='word_1_318' title='bbox 43 3427 46 3431; x_wconf 94' lang='lat'>.</span> <span class='ocrx_word' id='word_1_319' title='bbox 143 3373 194 3434; x_wconf 92' lang='lat' dir='ltr'><strong>lll.</strong></span> <span class='ocrx_word' id='word_1_320' title='bbox 219 3374 478 3436; x_wconf 84' lang='lat' dir='ltr'><strong>Pronuntiatio</strong></span> <span class='ocrx_word' id='word_1_321' title='bbox 500 3374 683 3452; x_wconf 81' lang='lat' dir='ltr'><strong>aplerisque</strong></span> <span class='ocrx_word' id='word_1_322' title='bbox 704 3375 784 3436; x_wconf 85' lang='lat' dir='ltr'><strong>actio</strong></span> <span class='ocrx_word' id='word_1_323' title='bbox 799 3374 901 3436; x_wconf 91' lang='lat' dir='ltr'><strong>dicitnr</strong></span> <span class='ocrx_word' id='word_1_324' title='bbox 920 3370 972 3432; x_wconf 90' lang='lat' dir='ltr'><strong>sed</strong></span> <span class='ocrx_word' id='word_1_325' title='bbox 988 3372 1067 3448; x_wconf 92' lang='lat' dir='ltr'><strong>prius</strong></span> 
     </span>
     <span class='ocr_line' id='line_1_38' title="bbox 10 3453 1070 3538; baseline -0.006 -20"><span class='ocrx_word' id='word_1_326' title='bbox 10 3453 12 3482; x_wconf 71' lang='lat'>³</span> <span class='ocrx_word' id='word_1_327' title='bbox 58 3475 165 3518; x_wconf 89' lang='lat' dir='ltr'><strong>nornen</strong></span> <span class='ocrx_word' id='word_1_328' title='bbox 186 3475 311 3536; x_wconf 86' lang='lat' dir='ltr'><strong>arone,</strong></span> <span class='ocrx_word' id='word_1_329' title='bbox 339 3476 467 3538; x_wconf 84' lang='lat' dir='ltr'><strong>sequens</strong></span> <span class='ocrx_word' id='word_1_330' title='bbox 483 3476 500 3519; x_wconf 91' lang='lat' dir='ltr'><strong>a</strong></span> <span class='ocrx_word' id='word_1_331' title='bbox 518 3467 604 3536; x_wconf 79' lang='lat' dir='ltr'><strong>gestu</strong></span> <span class='ocrx_word' id='word_1_332' title='bbox 618 3458 733 3520; x_wconf 85' lang='lat' dir='ltr'><strong>ridetur</strong></span> <span class='ocrx_word' id='word_1_333' title='bbox 754 3459 901 3538; x_wconf 81' lang='lat' dir='ltr'><strong>accipere.</strong></span> <span class='ocrx_word' id='word_1_334' title='bbox 938 3454 1070 3532; x_wconf 87' lang='lat' dir='ltr'><strong>Namque</strong></span> 
     </span>
     <span class='ocr_line' id='line_1_39' title="bbox 101 3541 904 3611; baseline -0.002 -10"><span class='ocrx_word' id='word_1_335' title='bbox 101 3564 132 3601; x_wconf 85' lang='lat' dir='ltr'><strong>nt.</strong></span> <span class='ocrx_word' id='word_1_336' title='bbox 145 3565 169 3602; x_wconf 84' lang='lat' dir='ltr'><strong>r.</strong></span> <span class='ocrx_word' id='word_1_337' title='bbox 183 3563 295 3611; x_wconf 74' lang='lat' dir='ltr'><strong>comum.</strong></span> <span class='ocrx_word' id='word_1_338' title='bbox 312 3546 345 3600; x_wconf 87' lang='grc' dir='ltr'><strong>ΙΙ.</strong></span> <span class='ocrx_word' id='word_1_339' title='bbox 866 3541 904 3600; x_wconf 85' lang='grc'><strong>14</strong></span> 
     </span>
    </p>
   </div>
   <div class='ocr_carea' id='block_1_5' title="bbox 0 0 1262 3952">
    <p class='ocr_par' dir='ltr' id='par_1_15' title="bbox 0 0 1262 3952">
     <span class='ocr_line' id='line_1_40' title="bbox 0 0 1262 3952; baseline 0 0"><span class='ocrx_word' id='word_1_340' title='bbox 0 0 1262 3952; x_wconf 95' lang='lat' dir='ltr'><strong> </strong></span> 
     </span>
    </p>
   </div>
  </div>
 </body>
</html>
