2508 3958
375 196 823 267 mor.onsnou.nro.V,1a.
1035 189 1091 252 231

103 351 156 414 diei
179 358 298 430 posset,
320 351 493 421 ostendere;
523 351 577 413 sed
601 352 669 414 mibi
696 371 908 432 supervacuum
934 355 1095 418 videbatur.

101 433 171 495 llam
192 443 222 494 et
242 432 306 494 lere
327 444 469 513 apparet,
493 435 560 515 quid
579 437 608 496 in
628 438 775 513 iniuriam,
799 437 867 517 qnid
887 437 916 496 in
939 441 1098 518 avaritiam,
1105 453 1139 508 16

100 519 167 598 quid
184 519 214 577 in
230 526 336 578 testem
351 519 504 596 inimicum,
524 519 593 598 qnid
608 536 662 598 pro
677 528 753 580 teste
769 523 862 580 amieo
878 520 1030 586 dicendum
1044 525 1097 594 sit;

99 610 128 663 et
148 600 189 662 de
209 600 340 662 omnibus
364 601 410 662 lris
434 603 527 665 omnia
547 601 647 665 dicere
666 603 804 664 inlinitum
819 613 879 682 est,
899 613 957 666 tem
977 607 1098 669 hercule

98 686 229 765 quamsi
250 687 530 764 commoverciarum,
558 705 633 767 quae
662 689 718 748 sint
738 703 872 767 quaeque
895 687 1009 750 laturae
1030 693 1097 768 sint,

99 770 303 849 quaestiones,
325 781 511 850 argumenta,
543 773 702 831 sententias
727 772 845 832 tradere
873 771 970 833 velim.
1014 774 1097 852 lpsas
1106 784 1140 842 17
1221 797 1241 842 ῃ

99 861 194 914 antem
221 863 454 930 argumentorum
480 853 563 915 uelut
590 856 678 916 sodes
703 871 761 914 non
786 856 972 935 nequidem
997 873 1097 917 omnes
1209 883 1212 894 ι
1237 883 1239 892 ι

100 936 265 997 ostendisse
282 937 408 1015 conlido,
426 938 564 1017 plurimas
582 948 686 1000 tamen.

182 1017 268 1093 Quod
283 1036 320 1080 eo
335 1020 500 1100 diligentius
515 1023 678 1084 laciendum
691 1023 756 1099 luit,
775 1023 842 1102 qnia
859 1021 1097 1100 declamationes,

98 1101 203 1182 quihus
216 1103 252 1165 ad
269 1121 394 1182 pugnam
409 1104 557 1166 lonensem
572 1106 654 1168 velut
671 1106 841 1184 praepilatis
864 1109 999 1166 exerceri
1019 1107 1098 1168 sole·

1 1229 2 1256 ,
96 1185 215 1262 bamus,
231 1185 301 1247 olim
315 1188 371 1248 iam
386 1188 422 1248 ab
438 1189 488 1250 illa
503 1207 574 1250 uera
594 1191 718 1266 imagine
736 1188 836 1249 orandi
851 1198 1039 1249 recesserunt
1056 1199 1097 1250 at·

1 1290 2 1293 ¹
97 1286 155 1347 qne
172 1269 209 1330 ad
223 1269 316 1331 solam
334 1273 515 1350 compositae
531 1272 711 1351 voluptatem
724 1273 822 1331 neruis
839 1280 949 1348 carent,
966 1287 1023 1332 non
1038 1273 1096 1333 alio

1 1409 2 1416 ,
94 1350 208 1413 medius
230 1353 314 1414 lidius
329 1354 399 1414 vitio
416 1355 585 1430 dicentium,
612 1373 697 1434 quarn
712 1371 770 1434 qno
785 1355 992 1433 mancipiorum
1006 1373 1097 1435 nego-

1 1503 2 1506 ,
95 1435 219 1496 tiatores
235 1436 345 1498 formae
357 1453 513 1516 puerorum
523 1438 660 1499 virilitate
673 1441 773 1499 excisa
784 1438 993 1499 lenocinantur.
1023 1438 1097 1500 llam
1105 1447 1139 1502 18
1235 1507 1236 1510 ,

95 1527 127 1579 ut
141 1517 184 1579 illi
198 1518 288 1581 robor
302 1535 337 1582 ae
352 1520 481 1582 lacertos
496 1521 673 1601 barbamque
687 1531 753 1583 ante
769 1524 863 1585 omnia
879 1530 909 1582 ct
923 1522 995 1599 alia,
1022 1539 1097 1601 qnae

95 1611 198 1663 natare
224 1601 345 1683 proprie
371 1605 498 1666 maribus
528 1605 622 1682 dedit,
653 1621 753 1684 parum
785 1605 949 1666 existimant
976 1606 1096 1682 decora,

98 1700 231 1764 quaeque
246 1687 349 1764 fortia,
371 1691 396 1748 si
411 1688 533 1765 liceret,
554 1689 651 1750 lorent
669 1698 702 1748 nt
724 1689 966 1750 dura‘molliunt:
987 1690 1027 1749 ita
1043 1705 1097 1748 nos

98 1768 223 1830 habitare
238 1771 331 1849 ipsam
346 1773 485 1833 orationis
500 1772 613 1832 virilem
638 1781 669 1831 et
682 1769 762 1832 illam
775 1773 833 1831 uim
847 1773 948 1831 stricte
963 1772 1096 1832 robuste·

96 1867 155 1931 gae
175 1852 290 1916 dicendi
311 1863 413 1918 tenera
437 1853 559 1936 quadam
579 1855 753 1915 elocutionis
775 1861 842 1914 cute
862 1856 1025 1932 operimus,
1055 1863 1096 1930 et,

94 1937 161 2000 dam
182 1935 259 2002 leuia
284 1941 340 2001 sint
362 1956 397 2001 ac
421 1940 525 2016 nitida,
549 1946 684 2019 guantum
706 1937 839 2013 ualeant,
862 1937 933 1998 nibil
952 1939 1097 1998 interesse

93 2025 275 2086 arbitram
313 2023 373 2084 Sed
393 2023 462 2084 milri
485 2033 614 2084 naturam
639 2021 758 2082 intuenti
781 2034 866 2080 nemo
888 2035 946 2081 non
965 2024 1010 2081 vir
1031 2038 1097 2101 spa·
1105 2031 1140 2086 19
1205 2063 1206 2066 =

93 2109 173 2170 done
194 2107 353 2168 formosior
375 2109 445 2184 erit,
467 2123 524 2168 nec
545 2116 603 2166 tam
624 2121 728 2166 aversa
749 2121 873 2183 anquam
895 2104 1040 2164 ridebitur
1061 2105 1096 2166 ab

1 2213 2 2248 t
94 2209 190 2272 opere
210 2207 265 2252 suc
285 2190 482 2270 promisistin,
505 2199 537 2250 nt
551 2188 687 2250 debilitas
701 2189 776 2248 inter
794 2189 902 2266 optima
918 2189 1034 2248 inventa
1049 2189 1097 2263 sit,

92 2293 152 2336 nec
173 2275 202 2335 ld
221 2275 302 2335 lerro
326 2275 491 2352 speciosum
513 2273 577 2334 lieri
597 2271 722 2351 putabo,
749 2270 842 2350 quod,
869 2271 894 2329 ei
915 2277 1096 2346 nasceretur,

92 2365 254 2420 monstrant
269 2367 342 2419 erat.
374 2356 532 2418 libidinem
545 2359 624 2416 iuret
638 2358 732 2434 ipsum
742 2352 898 2414 effeminati
913 2369 1002 2414 sexus
1018 2369 1096 2414 men·

1 2465 2 2470 ¹
91 2443 225 2518 dacium,
253 2455 397 2520 nunquam
422 2450 518 2502 tamea
543 2441 602 2500 boc
627 2440 776 2516 continget
797 2436 880 2498 malls
899 2436 1027 2498 moribus
1050 2453 1097 2496 re·
1207 2425 1253 2474 Ὗ

1 2539 2 2599 Ῑ
91 2544 194 2605 gnam,
209 2535 250 2602 at,
267 2527 361 2604 siqua
376 2526 506 2604 pretiosa
522 2523 609 2599 lecit,
627 2523 734 2584 lecerit
749 2530 779 2581 et
793 2521 879 2581 bona.
911 2520 1140 2599 Quapropternu
1248 2543 1251 2568 ι

93 2609 308 2688 eloquentiam,
325 2609 396 2668 licet
411 2608 486 2669 banc
500 2608 548 2686 (ut
561 2607 655 2668 sentio
672 2607 763 2680 enim,
780 2605 894 2685 dicam)
915 2603 1099 2665 libidinosam

91 2694 233 2772 resupina
243 2692 395 2771 voluptate
411 2690 551 2752 auditoria
561 2687 697 2770 probent,
712 2687 819 2748 nnllam
830 2703 899 2747 esse
914 2685 1097 2761 existimabo,
1150 2719 1151 2722 =
1212 2713 1216 2752 ς
1239 2689 1240 2724 ῑ

1 2765 2 2844 l
92 2793 173 2856 qnae
187 2793 224 2835 ne
240 2777 382 2836 minimum
394 2775 510 2854 quidem
519 2774 549 2834 in
558 2791 591 2834 se
602 2773 736 2835 indicium
746 2770 868 2830 masculi
884 2779 914 2830 et
926 2770 1097 2848 incorrupti,
1219 2813 1236 2844 „

90 2877 134 2921 ne
151 2859 244 2921 dicam
259 2860 357 2938 gravis
374 2868 403 2919 et
417 2859 509 2918 sancti
521 2858 592 2934 viri,
616 2861 752 2917 ostentet.
792 2853 839 2913 Ao
852 2870 925 2914 vero
942 2859 1136 2934 statuammtt
1232 2863 1248 2922 s,

1 2999 2 3004 ,
91 2943 224 3006 artibces
247 2945 438 3022 pictoresque
460 2941 627 3018 clarissimi,
650 2957 714 3000 eum
737 2952 863 3015 corpora
879 2953 964 3017 quam
982 2937 1098 3017 specio·
1234 2953 1248 2976 *—

1 3017 2 3083 l
91 3028 210 3088 sissima
232 3026 367 3105 fingendo
383 3024 568 3105 pingendove
588 3023 708 3084 efficere
725 3030 881 3099 caperent,
903 3039 1047 3101 nunquam
1070 3021 1099 3078 in

91 3111 172 3170 L“nc
183 3110 348 3172 inciderunt
362 3125 502 3185 errorem,
518 3116 550 3168 ut
559 3107 688 3185 Bagoam
705 3114 754 3167 ant
767 3101 958 3184 Megabyzum
974 3103 1099 3182 aliquem
1216 3093 1252 3196 2²3,

154 3194 320 3273 exemplam
345 3194 444 3273 operis
471 3200 619 3254 sumerent
643 3188 698 3251 sibi
720 3187 773 3249 sed
800 3187 997 3268 Doryphoron
1018 3186 1099 3246 illum

132 3287 195 3338 tom
213 3277 263 3338 uel
284 3278 402 3339 militiae
416 3276 466 3338 vel
487 3277 664 3355 palaestrae,
686 3272 808 3334 aliorum
832 3290 948 3352 qaoque
966 3274 1099 3331 iuvenum

135 3360 307 3422 'licosornr‘n
327 3369 356 3421 et
379 3359 551 3424 athletarum
573 3375 698 3438 corpora
727 3355 930 3417 decoravere
953 3354 1098 3413 existima·

152 3454 216 3505 ont:
233 3457 299 3523 nos,
315 3445 365 3526 qni
381 3452 528 3505 oratorem
545 3443 691 3504 studemus
708 3437 862 3516 elingere,
878 3455 936 3498 non
951 3454 1029 3497 arma
1046 3433 1100 3495 sed
1154 3503 1155 3506 Ἴ
1189 3462 1242 3522 φ
