2436 3956
270 237 367 287 *unam
381 237 533 286 oasuoa.
544 238 613 286 urs.
624 229 743 302 vn1,o.
980 231 1040 290 77.

16 389 90 454 {lant
111 399 141 452 et
163 408 279 452 ueneno
301 408 427 452 armare
451 400 480 451 ει
500 393 619 470 ferrum
644 411 770 454 armare
790 393 940 453 translatio
964 405 1019 456 est.

16 476 162 535 §locantur
178 473 252 540 haee
267 475 295 533 iu
311 474 427 553 plures:
453 485 484 534 ut
501 493 517 535 a
534 475 667 535 rationali
686 474 722 537 ad
739 477 881 536 rationale
899 487 928 536 et
946 479 1063 544 idem13

14 557 57 618 de
78 557 309 630 irrationalibus3
333 567 362 618 et
377 558 452 618 haec
466 559 605 634 invicem,
630 557 733 638 quihus
753 559 853 618 similis
870 563 943 620 ratio
963 572 1018 640 est,

16 651 51 702 ει
65 659 81 700 a
98 650 159 700 toto
178 651 206 701 et
221 659 238 701 a
253 640 392 719 partibus.
432 641 491 701 Sed
506 643 561 701 iam
576 659 634 700 uon
649 644 746 720 pueris
762 644 971 722 praecipimus,
989 656 1020 706 ut

11 733 141 802 accepto
156 742 267 802 genere
285 725 401 803 speeies
416 724 581 801 intelligere
596 742 653 784 non
668 727 790 804 possint.

101 807 138 867 Ut
154 809 285 868 modicus
300 817 395 870 autem
415 817 501 886 atque
523 816 702 887 opportunus
725 811 786 867 eius
804 827 873 868 usus
894 811 1062 876 illustratis
1151 808 1164 818 ’

17 892 193 952 orationem:
218 893 257 950 ita
272 892 410 970 frequens
428 901 457 951 et
472 891 610 951 obseurat
630 901 659 952 et
674 891 770 951 taedio
787 893 930 971 complet,
949 913 1017 955 eon·

12 976 110 1034 timaus
125 992 197 1034 vero
208 976 239 1034 in
249 975 407 1052 allegorias
420 984 449 1035 et
465 976 627 1051 aenigmata
639 977 708 1034 exit.
742 977 813 1035 Sunt
829 978 915 1036 etiarn
930 996 1017 1057 quae·

15 1058 84 1126 dam
98 1067 127 1118 et
141 1058 262 1119 humiles
279 1059 499 1134 translationes,
521 1069 553 1118 ut
568 1058 613 1134 id,
636 1060 745 1136 dequo
762 1059 848 1118 modo
865 1060 940 1136 dixi,
959 1061 1017 1124 Sa·

10 1159 80 1203 aea
98 1151 142 1203 eet
160 1160 312 1218 nemaeo,
334 1152 363 1203 et
387 1142 531 1202 sordidae.
570 1141 635 1200 Nou
661 1144 750 1218 euim,
775 1144 800 1202 si
817 1141 922 1202 Cicero
937 1154 1059 1210 recte15

10 1225 165 1302 sentinam
180 1226 383 1304 reipublicae
398 1225 485 1301 dixit,
503 1225 670 1284 foeditatem
682 1224 824 1285 homiuum
840 1227 1016 1306 significans,

15 1307 125 1368 ideireo
141 1307 263 1387 probem
277 1309 347 1369 illud
361 1325 476 1387 quoque
489 1309 597 1368 veteris
614 1310 754 1384 oratoris,
771 1307 957 1371 Persecuisla'
970 1313 1033 1373 rei'

14 1391 158 1472 publicae
170 1395 314 1457 vomicas.
349 1391 521 1471 optimeque
535 1390 640 1452 cicero
653 1392 830 1452 demonstrat
847 1393 1015 1472 cauendum,

16 1491 53 1534 ue
71 1475 107 1533 sit
129 1475 265 1535 deformis
287 1475 453 1536 translatio:
486 1475 579 1553 qualis
601 1485 646 1535 est
669 1477 749 1555 (nam
775 1477 846 1552 ipsis
868 1477 929 1536 eius
953 1486 1017 1538 utar

16 1557 173 1638 exemplis)
186 1557 362 1620 austrorum
372 1567 467 1621 morte
477 1556 621 1637 Africani
631 1578 696 1620 rem
708 1560 878 1638 publicam,
891 1569 920 1618 et
930 1559 1015 1622 Ster-

19 1659 74 1700 cus
87 1644 191 1703 mariae
202 1643 383 1714 Glauciam
404 1661 441 1702 ne
456 1644 541 1702 nimio
557 1645 647 1701 maior
662 1651 724 1719 aut,
743 1643 820 1720 quod
834 1645 951 1721 saepius
966 1663 1014 1704 ac·
1024 1653 1058 1706 16

20 1722 102 1800 aldit,
123 1727 229 1795 minor;
251 1744 288 1785 ue
308 1725 466 1786 dissimilis.
512 1724 640 1796 Quorum
662 1725 796 1804 exempla
818 1727 933 1786 nimium
956 1727 1013 1786 ire·

18 1817 135 1884 quanter
151 1808 368 1888 deprehendet,
386 1810 434 1889 qui
452 1809 552 1868 scierit
568 1808 642 1868 haec
657 1810 726 1868 vitia
742 1826 819 1868 esse.
855 1809 914 1869 Sed
929 1813 1015 1888 copia

17 1907 130 1970 quoque
144 1893 258 1953 modurn
274 1911 394 1970 egressa
411 1893 516 1952 vitiosa
532 1900 592 1966 est,
611 1892 769 1968 praecipue
784 1893 812 1949 iu
828 1890 929 1950 eadem
947 1911 1014 1970 spe·

10 1975 70 2032 eie.
105 1977 175 2035 Sunt
197 1986 226 2036 et
243 1977 349 2052 durae,
371 1976 399 2036 id
421 1984 466 2035 est
482 1993 499 2036 a
514 1974 671 2052 longinqua
691 1974 875 2045 similitudine
891 1973 1055 2038 ductam?
1078 2021 1102 2037 ..

10 2065 44 2140 ut
59 2060 170 2137 capitis
182 2062 269 2121 maen
283 2068 312 2118 et
1131 2063 1135 2067 ’

10 2195 12 2224 ,
136 2141 277 2222 luppiter
287 2143 434 2205 hibernas
448 2161 530 2204 euna
543 2143 613 2203 uiae
628 2144 767 2220 conspuit
782 2143 887 2219 Alpes.

10 2219 45 2282 ln
60 2225 110 2284 illo
126 2243 197 2285 uero
214 2225 365 2304 plurimum
382 2227 508 2301 erroris,
531 2225 609 2302 quod
623 2242 674 2301 ea,
692 2242 766 2303 quae
782 2226 894 2302 poetis,
916 2224 963 2302 qui
984 2235 1014 2285 et

17 2309 106 2369 omnia
128 2309 163 2368 ad
178 2310 356 2388 voluptatem
377 2310 507 2369 referunt
529 2318 557 2368 et
574 2309 695 2386 plurima
714 2317 831 2367 vertere
849 2308 933 2367 etiam
946 2307 1013 2386 ipsa

10 2393 95 2450 metri
105 2395 282 2452 necessitate
298 2402 455 2470 eoguntur,
472 2394 614 2470 permissa
626 2401 707 2468 sunt,
727 2393 883 2451 convenire
900 2392 1014 2469 quidam

10 2475 96 2534 'etiam
108 2493 214 2554 prosae
232 2485 340 2554 putant.
371 2475 410 2534 m
427 2491 483 2552 ego
499 2477 529 2534 in
543 2474 656 2553 agendo
671 2493 727 2534 nee
740 2483 895 2555 pastorem
907 2477 1015 2554 papuli
1023 2479 1056 2532 18
1140 2551 1141 2556 ¹

10 2566 130 2636 ¹tractore
157 2558 284 2618 Homero
314 2559 450 2634 dixerim,
478 2576 534 2618 nee
559 2559 696 2619 volucres
719 2561 830 2638 peonis
848 2561 1012 2636 remigare,

18 2635 80 2700 licet
100 2641 158 2702 hoe
176 2641 325 2718 Vergilius
351 2643 378 2701 in
400 2642 502 2720 apibus
526 2660 560 2702 ae
581 2641 712 2701 Daedalo
735 2643 952 2719 speciosissime
978 2643 1014 2701 sit

10 2718 97 2783 'usus⁴
131 2723 304 2803 hletaphora
322 2728 396 2785 enim
420 2735 467 2786 aut
481 2734 632 2784 vacantem
649 2741 795 2802 occupare
814 2725 909 2783 loeum
926 2723 1014 2783 dehet
1037 2760 1042 2766 ,

20 2815 76 2884 aut,
91 2810 117 2867 si
135 2810 163 2867 iu
178 2809 302 2869 alienum
317 2812 412 2884 venit,
431 2809 496 2887 plus
512 2809 613 2868 valere
630 2825 683 2882 eo,
701 2807 780 2884 quod
796 2805 927 2884 expellit.

94 2891 180 2965 Quod
191 2909 285 2970 paene
301 2893 385 2951 etiam
396 2893 487 2968 magis
499 2891 536 2951 de
552 2890 796 2966 synecdoche
817 2890 918 2950 dicam.
942 2888 1015 2949 Nam
1023 2897 1054 2954 ll

20 2974 160 3034 translatio
183 2975 387 3054 permovendis
409 2977 508 3034 ardmis
527 2975 696 3053 plerumque
718 2983 747 3033 ει
762 2973 908 3051 signandis
925 2973 1014 3032 rebus

20 3069 51 3114 aa
64 3057 115 3116 suh
134 3059 238 3121 oeulos
254 3057 572 3136 subiiciendis‘reperta
587 3066 641 3116 est.
678 3055 759 3118 llaec
776 3058 889 3117 variare
905 3072 1014 3115 sermo·

20 3153 78 3198 uem
98 3150 212 3219 potest,
240 3152 272 3202 ut
294 3160 331 3202 ex
357 3157 413 3201 una
443 3142 541 3219 plures
568 3141 779 3217 intelligamus,
808 3149 891 3218 parte
913 3147 1014 3212 totum,

11 3225 114 3297 ‘speeie
140 3243 252 3301 genus,
281 3224 523 3303 praecedentibus
546 3227 716 3306 sequentia,
745 3224 795 3283 uel
821 3224 914 3282 omnia
939 3221 1015 3280 haee

22 3315 128 3375 eontra:
149 3307 270 3368 liberior
280 3311 377 3386 poetis
393 3325 476 3386 quam
489 3307 661 3367 oratoribus.
696 3307 768 3367 Nam
783 3323 886 3384 prosa,
906 3314 936 3364 ut
951 3323 1013 3363 mu·
1023 3307 1058 3359 ιο

22 3403 134 3452 crunam
161 3409 216 3470 pro
241 3392 339 3468 gladio
367 3401 396 3450 et
417 3399 527 3453 tectum
547 3407 600 3468 pro
622 3390 707 3449 domo
729 3392 868 3466 recipiet,
896 3389 934 3446 ita
957 3403 1016 3444 nou

10 3475 136 3551 puppim
152 3491 207 3554 pra
222 3477 287 3534 navi
302 3492 357 3535 aec
373 3476 500 3537 abietem
517 3489 570 3552 pro
589 3472 719 3540 tabellis;
742 3482 770 3531 et
787 3487 900 3546 rursus,
916 3478 947 3528 ut
960 3485 1014 3548 pro
