2494 3952
186 207 244 271 138
518 214 879 277 rr.sne.qnmr11.1xm
1225 273 1226 328 y

183 377 329 451 invenias,
347 383 375 435 et
392 374 609 434 Anacreontion
624 374 754 452 protinus
770 371 858 432 colon
876 369 1004 448 cilicias,
1024 372 1091 433 etsi
1107 373 1172 434 velis

183 460 348 533 trimetron,
370 467 400 518 et
421 457 500 537 quod
516 455 629 517 duobus
645 455 767 534 pedibus
784 465 814 515 et
831 462 914 535 parte
936 454 1142 537 πενθημιμερὲς
1159 475 1173 516 a

183 541 303 602 Graecis
317 542 438 615 dicitur,
457 550 486 600 et
500 540 574 600 haec
590 541 683 600 omnia
698 540 727 599 in
741 538 832 599 tribus
847 538 961 609 verbis;
981 549 1011 600 ct
1027 539 1174 616 Thucydidi

182 618 256 705 ὑπὲρ
278 618 368 705 ἥμισυ
385 627 480 705 Κᾶρες
500 618 652 703 ἐφάνησαν
674 642 711 684 ex
736 622 907 684 mollissimo
923 623 1117 700 rhythmorum
1132 642 1174 701 ge-

182 727 252 770 nere
273 711 389 778 excidit.

139 799 175 856 '19
265 795 323 856 Sed
346 796 411 873 quia
434 810 547 854 omnem
575 794 734 854 orationem
759 801 894 853 constare
921 790 1081 871 pedibus
1112 790 1174 851 dixi:

184 879 280 959 aliqua
303 878 340 939 de
360 878 404 938 his
420 895 552 957 quoque;
578 894 698 956 quorum
717 877 830 937 nomina
853 874 919 953 quia
939 876 1020 935 varia
1047 893 1114 936 esse
1129 884 1174 934 tra·

183 963 301 1024 duntur:
325 962 554 1022 constituendum
578 971 639 1038 est,
662 977 719 1039 quo
741 977 885 1039 quemque
911 958 1105 1038 appellemus.
1146 956 1175 1018 llt

183 1047 298 1126 quidem
315 1044 487 1108 Ciceronem
504 1063 625 1126 sequar,
649 1045 729 1124 (nam
753 1047 777 1104 is
801 1045 1045 1104 eminentissimos
1062 1044 1175 1105 Graeco·

182 1149 244 1191 rum
267 1139 311 1190 est
334 1131 469 1210 secutus)
496 1137 623 1209 excepto
644 1129 721 1208 quod
741 1147 794 1208 pes
818 1129 886 1189 mihi
906 1128 958 1187 tris
981 1127 1112 1204 syllabus
1129 1143 1177 1186 nou

181 1215 297 1275 videtur
319 1213 481 1291 excedere,
505 1231 665 1292 quanquam
686 1212 737 1274 ille
753 1214 867 1292 paeone
883 1211 1097 1292 dochmioque,
1117 1228 1176 1291 quo·

182 1317 244 1358 rum
260 1300 340 1378 prior
355 1299 384 1357 in
400 1306 552 1376 quattuor,
570 1297 714 1358 secundus
730 1299 759 1357 in
777 1298 903 1376 quinque
920 1298 1067 1373 excurrit,
1084 1305 1175 1357 utatur.

139 1382 246 1442 sortes
266 1392 362 1443 tamem
382 1383 446 1461 ipse
470 1381 644 1458 dissimulat,
668 1380 838 1460 quibusdam
858 1397 994 1440 numeros
1018 1381 1112 1442 videri
1130 1396 1177 1438 non

182 1467 284 1547 pedes.
321 1463 425 1544 Neque
446 1466 602 1534 immerito:
625 1465 763 1545 quidquid
778 1467 851 1524 enim
875 1481 962 1544 supra
977 1466 1032 1524 tris
1049 1464 1176 1542 syllabas,
1224 1517 1226 1538 ,

80 1595 82 1600 ,
182 1551 210 1610 id
235 1557 280 1610 est
304 1567 342 1609 ex
366 1549 496 1627 pluribus
519 1547 651 1626 pedibus.
699 1547 780 1626 Ergo
805 1566 869 1609 cnm
896 1557 1033 1608 constent
1055 1557 1177 1629 quattuor
1224 1549 1226 1558 '

181 1635 274 1714 pedes
292 1632 383 1708 binis,
408 1640 476 1692 octo
496 1633 602 1692 ternis:
626 1632 786 1712 spondeum
807 1632 902 1710 longis
924 1631 1054 1703 duabus;
1077 1632 1176 1713 pyrrhi·
1224 1655 1225 1662 ¹

182 1717 292 1794 chium,
306 1733 391 1796 quem
406 1715 454 1776 alii
470 1715 646 1796 pariambum
657 1725 780 1791 vocant,
796 1715 949 1785 brevibus;
965 1717 1094 1777 iambum
1106 1714 1177 1777 brari
1224 1669 1226 1812 l

182 1801 343 1880 longaque;
362 1800 430 1860 huic
446 1801 620 1862 contrarium
636 1819 652 1862 c
668 1800 755 1878 longa
771 1809 799 1860 et
814 1799 896 1860 brevi
912 1800 1070 1878 choreum,
1086 1819 1140 1861 non
1151 1806 1175 1858 ul
1224 1813 1226 1880 y

136 1884 172 1939 81
181 1886 230 1945 alii
251 1885 418 1946 trochaeum
440 1887 626 1945 nominemus.
668 1884 713 1944 Ex
736 1885 889 1960 hisvero,
914 1885 963 1964 qui
980 1893 1082 1946 ternas
1100 1883 1175 1960 sylla·
1224 1883 1226 1906 *

180 1969 232 2030 bas
246 1969 370 2044 habent,
389 1969 535 2045 dactylum
556 1969 643 2046 longa
667 1967 835 2047 duabusque
850 1967 1001 2037 brevibus;
1028 1968 1097 2030 huic
1116 1979 1176 2029 ten·
1222 1909 1226 2026 l

181 2052 301 2131 poribus
322 2071 421 2131 parem
435 2054 487 2114 sed
508 2060 684 2113 retroactum
707 2051 850 2132 appellari
866 2060 978 2112 constat
994 2061 1175 2132 anapaeston.

180 2135 274 2196 bledla
290 2138 365 2197 inter
386 2137 488 2214 longas
506 2135 603 2197 brevis
618 2135 709 2197 faciet
726 2136 962 2214 amphimacrum,
978 2137 1034 2198 sed
1050 2137 1175 2215 frequen·

137 2219 172 2272 82
181 2222 235 2280 tius
263 2220 324 2281 eius
345 2237 449 2280 nomen
473 2229 517 2280 est
540 2221 676 2281 creticus.
726 2219 823 2297 Longa
838 2223 913 2280 inter
927 2218 1055 2298 breves,
1079 2217 1175 2298 amphi-

179 2303 318 2380 brachys:
337 2304 446 2364 duabus
460 2304 554 2382 longis
566 2304 685 2365 brevem
697 2301 885 2382 sequentibus
897 2302 1055 2380 bacchius,
1068 2303 1177 2365 totidem

179 2387 275 2465 longis
290 2387 409 2448 brevem
426 2388 670 2467 praecedentibus
686 2387 911 2469 palimbacchius
927 2389 991 2447 erit.
1027 2387 1102 2448 Tres
1117 2387 1177 2446 brc-

177 2489 231 2530 ves
247 2470 431 2546 trochaeum,
450 2489 535 2550 quem
550 2471 716 2549 tribrachyn
732 2471 787 2532 dici
801 2471 918 2547 volunt,
935 2473 982 2550 qui
998 2470 1111 2533 choreo
1127 2480 1176 2530 tro·

181 2554 264 2615 chael
283 2572 389 2614 nomen
410 2555 572 2633 imponunt;
596 2555 715 2616 totidem
736 2555 842 2633 longae
867 2555 1018 2615 molosson
1044 2556 1175 2616 cilicient.

135 2638 286 2698 &illorum
303 2639 407 2718 pedum
422 2639 518 2698 nullus
533 2657 591 2699 non
606 2643 633 2698 in
649 2641 808 2699 orationem
823 2640 917 2714 uenit,
934 2638 986 2698 sed
1000 2656 1061 2717 quo
1079 2640 1176 2719 quique

179 2732 245 2782 sunt
268 2722 447 2802 temporibus
463 2724 612 2801 pleniores
628 2723 782 2801 longisque
799 2722 920 2799 syllabis
938 2724 1031 2800 magis
1052 2722 1174 2794 stabiles,

178 2806 235 2865 hoc
258 2809 423 2884 graviorem
446 2807 553 2868 iaciunt
569 2808 745 2883 orationem,
771 2806 877 2866 breves
894 2807 1022 2867 celerem
1044 2825 1080 2868 ac
1095 2803 1175 2865 mobi-

179 2890 246 2949 lem.
291 2889 449 2968 Utrumque
465 2892 538 2951 locis
554 2891 633 2952 utile.
678 2889 751 2951 Nam
766 2900 795 2950 et
812 2890 899 2967 illud,
917 2889 966 2950 ubi
982 2907 1057 2969 opus
1075 2899 1120 2951 est
1133 2904 1175 2948 ve·

135 3014 138 3018 -
178 2973 314 3048 locitate,
331 2975 441 3035 tardum
453 2985 481 3034 et
493 2993 601 3052 segne,
619 2983 648 3035 et
662 2973 736 3050 boc,
752 2973 800 3034 ubi
814 2974 926 3052 pondus
939 2975 1082 3052 exigitur,
1099 2988 1175 3052 prae·

135 3062 249 3135 sslceps
265 3074 300 3116 ac
312 3058 456 3118 resultans
471 3062 574 3119 merito
588 3059 744 3118 damnetur.
775 3059 818 3118 Sit
830 3060 858 3118 in
873 3058 929 3136 hoc
942 3074 1059 3136 quoque
1076 3051 1174 3135 aliquid

178 3141 304 3201 fortasse
319 3144 472 3218 momenti,
495 3141 572 3221 quod
589 3150 617 3201 et
633 3142 729 3219 longis
749 3141 898 3218 longiores
919 3151 948 3202 et
964 3140 1102 3202 brevibus
1117 3145 1174 3200 sunt

179 3223 330 3285 breviores
346 3224 492 3301 syllabae;
513 3235 558 3302 ut,
580 3228 708 3304 quamvis
725 3243 821 3303 neque
837 3226 902 3305 plus
917 3225 1030 3286 duobus
1045 3222 1172 3303 tempori·

179 3309 232 3367 bus
256 3327 351 3388 neque
372 3325 428 3369 uno
449 3309 540 3369 minus
566 3309 675 3370 habere
699 3309 866 3385 videantur,
895 3309 1021 3389 ideoque
1037 3311 1065 3368 in
1082 3306 1172 3368 metris

180 3409 280 3452 omnes
296 3394 402 3454 breves
423 3393 588 3474 longaeque
605 3396 680 3454 inter
695 3411 762 3453 sese
780 3395 836 3453 sint
852 3411 954 3471 pares:
979 3393 1069 3471 lateat
1084 3400 1173 3453 tamen

178 3477 279 3534 nescio
295 3477 378 3554 quid,
398 3476 474 3556 quod
489 3479 615 3556 supersit
635 3484 682 3538 aut
698 3476 782 3538 desit.
825 3476 897 3537 Nam
911 3495 1045 3538 versuum
1060 3471 1172 3556 propriu
1225 3549 1226 3558 ἵ
