2444 3972
294 229 384 277 misr.
409 229 650 278 calnomum.
674 230 702 296 1,
727 229 767 281 ru.
836 212 838 220 ’
974 202 1038 282 ‘55

57 399 152 464 qaoque
173 384 201 442 in
224 391 307 462 parte
332 383 458 442 civilium
480 385 577 462 posita
603 386 738 444 virtutum
768 393 797 444 et
821 383 986 467 Chrysippo
1009 390 1038 449 in

56 469 199 546 praeceptis
215 467 253 527 de
274 466 432 526 liberorum
454 466 625 527 educatione
646 469 814 547 compositis
837 487 895 529 non
917 473 1034 532 omissa.

54 549 110 608 liam
121 550 365 611 Lacedaemonios
385 550 500 628 quidem
517 552 603 610 etiam
615 551 799 613 saltationem
816 555 958 631 quandam
976 564 1036 616 tan·
1047 567 1079 621 18

55 651 122 712 qaam
136 635 168 694 ad
190 634 270 694 bella
294 651 410 713 quoque
433 634 533 694 utilem
552 634 690 695 habuisse
711 637 785 696 inter
810 640 1035 700 exercitationes
1065 657 1068 668 ¹

54 719 208 796 accepimus.
255 717 360 797 Neque
376 719 404 779 id
421 709 569 778 veteribus
592 717 728 779 Romanis
750 720 889 781 dedecori
907 722 974 792 luit;
991 742 1035 784 ar-

53 810 196 876 gementum
223 811 269 863 est
292 802 476 863 sacerdotum
502 804 617 862 nomine
642 821 677 863 ac
697 803 843 882 religione
868 805 973 867 durans
1001 807 1038 867 ad

53 883 98 944 loe
114 895 222 965 tempus
245 885 379 962 saltatio,
402 894 432 946 et
454 885 505 946 illa
526 887 554 944 in
576 887 662 946 tertio
683 884 835 946 Ciceronis
858 889 894 948 de
912 888 1035 950 Oratore

54 965 111 1028 libro
129 969 217 1031 rerba
236 968 353 1045 Crassi,
372 969 474 1048 quibus
496 971 656 1048 praecipit,
680 978 711 1030 ut
730 979 829 1032 orator
845 980 941 1032 utatur
958 974 1034 1035 lote-

53 1070 105 1112 mm
122 1056 316 1116 incubatione
329 1055 405 1134 forti
419 1073 459 1116 ac
479 1055 571 1132 cirili,
593 1073 652 1116 non
672 1073 694 1116 c
714 1073 810 1117 acerra
832 1065 862 1118 et
881 1057 1034 1120 histrioni-

53 1135 96 1196 boa
112 1140 164 1200 aed
184 1139 344 1200 charmis
365 1139 530 1199 autetiam
548 1158 570 1200 α
591 1139 771 1217 pulceriam·
801 1141 882 1200 euius
906 1141 1033 1220 discipli·

55 1235 95 1278 nae
115 1240 178 1282 usus
199 1223 229 1282 in
240 1231 369 1282 nostram
391 1239 484 1300 usque
506 1229 631 1282 aetatem
653 1223 716 1282 sine
732 1223 962 1301 reprehensione
984 1225 1033 1285 de·

55 1305 154 1364 stendit.
197 1306 225 1366 Α
248 1323 295 1366 me
312 1314 408 1366 tamen
429 1322 485 1364 nec
502 1305 578 1366 ultra
600 1307 729 1384 pueriles
748 1323 838 1368 annos
862 1307 1034 1368 retinebitur
1044 1319 1077 1374 19
1098 1336 1121 1352 ·

23 1379 28 1442 l
56 1403 97 1446 nee
110 1389 135 1448 in
151 1389 193 1450 his
209 1390 284 1468 ipsis
302 1390 359 1451 diu.
403 1388 507 1467 Neque
524 1390 598 1450 enim
618 1399 733 1466 gestum
755 1393 879 1453 oratoris
900 1394 1035 1472 componi

23 1449 26 1566 l
56 1470 81 1530 al
94 1473 299 1534 similitudinem
315 1473 476 1534 saltationis
497 1473 566 1534 volo
583 1473 637 1533 sed
654 1473 778 1535 subesse
797 1475 905 1555 aliquid
922 1493 960 1535 ex
978 1475 1034 1536 hac

23 1585 27 1668 p
57 1557 241 1618 exercitatione
260 1558 380 1636 puerili,
401 1557 546 1617 undenos
563 1574 621 1616 non
639 1557 667 1618 id
687 1568 808 1636 agentes
828 1559 924 1619 furtim
943 1559 1034 1620 decor

23 1675 26 1722 t
56 1635 94 1697 ille
111 1640 282 1703 discentibus
303 1640 423 1702 traditus
446 1648 649 1720 prosequatur.

23 1779 25 1812 ⁵
60 1787 93 1840 m
105 1791 198 1846 rauna
221 1793 336 1846 nouum
356 1792 509 1844 ramrorm
527 1791 646 1844 nocam
663 1794 764 1844 ruina
783 1795 890 1846 auras
908 1794 1030 1847 rossrr.

118 1888 174 1951 ΧΠ.
209 1891 321 1966 Quaeri
348 1891 441 1968 solet,
473 1909 525 1968 an,
556 1893 668 1952 etiamsi
701 1892 839 1953 discenda
864 1895 921 1952 sint
946 1893 1032 1970 baec,

57 1971 137 2034 eodem
154 1984 288 2056 tempore
309 1984 404 2036 tamen
425 1975 498 2037 tradi
522 1976 616 2036 omnia
634 1985 664 2036 et
685 1977 799 2055 percipi
822 1977 944 2055 possint.
975 1974 1032 2037 Ne·

55 2065 105 2129 pant
124 2061 193 2120 enim
221 2059 354 2140 quidam,
381 2061 448 2139 quia
475 2061 666 2122 confundatur
694 2061 804 2120 animus
833 2078 868 2121 ac
896 2059 1033 2137 fatigetur

55 2144 85 2196 tot
101 2140 254 2223 disciplinis
276 2144 305 2204 in
327 2145 471 2204 diversum
488 2143 687 2220 tendentibus,
710 2145 746 2204 ad
767 2161 839 2223 quas
863 2162 919 2204 nec
939 2162 1031 2221 mens,

54 2237 94 2282 uec
112 2241 229 2306 eorpus,
253 2245 308 2288 noc
330 2228 394 2289 dies
410 2229 475 2306 ipse
497 2227 639 2304 sufficiat,
665 2235 695 2287 et
715 2228 739 2286 si
763 2229 887 2287 maxime
909 2231 1034 2305 patiatur

54 2301 95 2366 luc
112 2317 186 2372 aetas
207 2311 374 2387 robustior,
403 2312 532 2390 pueriles
555 2329 645 2372 annos
669 2313 785 2371 onerari
807 2327 865 2372 non
887 2319 1031 2389 oporteat.

23 2343 29 2516 D
117 2393 171 2455 Sed
192 2413 252 2457 non
274 2397 344 2456 satis
363 2397 558 2474 perspiciunt,
584 2404 719 2475 quantum
740 2403 841 2456 natura
862 2394 977 2456 humani
991 2397 1061 2458 inb

23 2517 25 2534 ,
54 2477 112 2546 genii
130 2478 238 2549 valeat;
271 2498 345 2559 quae
367 2482 407 2540 ita
432 2487 477 2540 est
499 2480 584 2559 agilis
606 2497 641 2540 ac
662 2479 769 2555 velox,
799 2481 842 2538 sic
867 2480 897 2540 in
919 2495 1031 2540 omnem

55 2567 157 2638 partem,
181 2574 212 2624 ut
235 2565 274 2624 ita
295 2565 431 2640 dixerim,
455 2572 586 2642 spectat,
610 2572 641 2622 ut
665 2581 701 2623 ne
723 2565 816 2643 possit
837 2564 953 2642 quidem
979 2563 1029 2623 ali·

55 2641 105 2715 quid
123 2663 208 2723 agere
240 2656 348 2708 tantum
370 2665 472 2724 unum,
502 2649 531 2708 in
552 2647 637 2726 plura
662 2664 734 2707 vero
761 2663 818 2707 non
853 2647 957 2708 eodem
986 2647 1032 2708 die

23 2725 25 2790 i
56 2724 120 2788 uodo
142 2732 191 2793 sed
224 2733 329 2792 eodem
356 2732 496 2811 temporis
520 2740 666 2792 momento
689 2732 746 2792 vim
768 2749 849 2792 suam
875 2729 1031 2810 impendat.

23 2801 25 2854 l
56 2803 89 2866 ln
106 2829 170 2874 vero
191 2817 352 2884 citharoedi
372 2834 431 2877 non
452 2815 536 2878 simul
562 2825 591 2877 et
612 2816 769 2876 memoriae
799 2824 829 2875 et
850 2831 924 2874 sono
949 2814 1062 2878 rocis3

23 2855 26 2972 l
57 2897 77 2947 tt
92 2893 209 2971 plurimis
230 2900 354 2961 flexibus
369 2901 510 2978 serviunt,
533 2919 599 2961 cum
615 2900 728 2960 interim
745 2899 818 2959 alios
837 2916 944 2959 nervos
962 2897 1032 2958 dex·

23 2985 26 3022 t
56 2978 88 3034 ira
102 2993 274 3061 percurrunt,
298 2985 372 3046 alios
387 2986 471 3046 laeva
487 2984 617 3061 trahunt,
641 2984 804 3059 continent,
822 2982 975 3062 praebent,
996 3000 1034 3042 ne

23 3073 24 3080 ’
57 3069 95 3131 lit
112 3065 219 3140 quidem
243 3070 354 3130 otiosus
377 3078 487 3130 certam
505 3069 602 3147 legem
622 3069 761 3146 temporis
785 3075 894 3143 servat,
915 3065 1033 3127 ethaeo

58 3157 79 3215 li
98 3144 144 3207 'er
165 3149 279 3213 omnia?
324 3151 421 3228 Quid?
452 3170 505 3212 nos
535 3153 641 3231 agendi
666 3151 760 3212 subita
783 3151 961 3213 necessitate
985 3149 1065 3211 de·4

57 3239 79 3318 pt
115 3235 168 3292 ensi
189 3254 284 3298 nonne
302 3237 357 3298 alia
374 3237 512 3313 dicimus,
537 3238 593 3299 alia
616 3236 819 3316 providemus,
843 3253 907 3295 cum
923 3232 1033 3313 pariter

58 3321 79 3364 m
115 3316 160 3376 rtio
177 3337 282 3398 rerum,
305 3322 412 3383 electio
433 3320 607 3396 verborum,
628 3320 812 3398 compositio,
835 3327 948 3396 gestus,
964 3333 1032 3395 pro·

60 3404 79 3448 n
119 3401 187 3479 atio,
206 3405 319 3482 vultus,
348 3415 502 3484 motusque
527 3400 747 3467 desiderentur?
791 3401 873 3476 Quae
902 3403 927 3460 si
951 3399 1033 3460 velut

61 3486 79 3532 n
119 3499 163 3544 uno
186 3500 290 3552 conatu
312 3499 369 3552 tam
390 3491 506 3551 diversa
534 3498 637 3569 parent
659 3487 759 3564 simul,
790 3505 841 3546 cur
864 3502 922 3545 non
944 3485 1032 3564 pluri·
