2436 3956
307 239 396 287 INST.
411 239 558 290 ORATOR.
570 241 640 288 ΜΒ.
652 241 720 306 Vll,
733 239 758 290 l·
1003 237 1022 294 9

51 405 131 450 onnes
150 392 361 470 complectitur,
384 392 454 451 nihil
470 394 608 470 proderit.
648 392 825 465 Quaeramus
843 411 933 470 ergo,
957 413 1023 453 num

49 470 161 532 iulrmari
175 477 202 532 in
224 477 345 552 aliquam
361 484 471 553 partem
492 475 541 534 lex
563 477 665 553 possit.
704 475 777 549 Quid
795 477 871 536 aliud
888 475 1022 554 (saepius

46 555 137 633 dicam)
153 567 250 618 natura
264 560 416 635 permittit,
434 575 517 634 quam
532 568 578 633 ut,
596 576 658 617 cum
674 558 763 618 verba
781 567 880 618 contra
896 561 967 634 sint,
986 560 1022 619 de

42 638 172 698 voluntate
193 637 366 718 quaeratur?
412 639 561 700 Generalis
584 643 670 716 igitur
691 643 839 718 quaestio,
864 641 961 700 verbis
988 660 1023 701 an

41 719 173 782 voluntate
191 725 227 782 sit
248 725 386 783 standum.
425 724 484 783 Sed
504 726 578 783 enim
599 725 627 782 in
645 740 794 783 commune
810 724 846 783 dc
862 725 924 783 iure
946 728 1022 786 omni

41 801 223 880 disputandum
238 825 354 884 semper
368 824 423 866 nec
441 824 563 884 unquam
579 809 648 865 satis
665 807 818 866 iudicatum
835 815 889 864 est.
927 806 1021 878 Quae·

40 887 144 946 rendum
158 890 243 964 igitur
258 892 286 948 in
303 890 356 948 hac
374 891 453 967 ipsa,
472 907 526 966 qua
548 891 746 962 consistimus,
769 907 804 949 an
820 888 926 966 aliquid
942 891 1019 948 inve-

39 969 84 1027 niri
104 975 206 1047 possit,
230 972 306 1050 quod
331 975 439 1050 scripto
461 969 651 1031 adversetur?
689 971 786 1048 Ergo,
815 974 944 1049 quisquis
967 986 1064 1036 uouoo

38 1051 151 1127 alluerit,
174 1055 298 1114 exheres
320 1053 394 1114 erit?
422 1056 570 1132 quisquis,
592 1055 654 1114 sine
678 1053 873 1133 exceptione?
908 1055 965 1114 lam
989 1075 1021 1115 se

39 1132 80 1192 illa
94 1137 138 1195 rel
157 1138 230 1198 ultro
251 1139 373 1197 ollerent
396 1146 578 1213 argumenta:
600 1135 637 1197 Ilt
658 1135 772 1196 inians?
796 1138 870 1200 lilius
887 1140 960 1196 enim
978 1149 1022 1198 cst

38 1225 62 1274 et
74 1235 124 1276 non
142 1221 233 1289 alicit;
258 1231 286 1280 et
302 1225 349 1298 qui
367 1220 482 1294 aberat,
505 1229 533 1279 et
550 1221 597 1296 qui
612 1219 766 1294 militabat,
790 1221 882 1298 etqui
898 1223 926 1279 in
942 1221 1021 1296 lega·
1038 1229 1043 1236 “

37 1299 103 1358 tione
118 1300 196 1362 erat?
233 1304 292 1364 lam
314 1305 431 1363 multum
449 1305 505 1362 act-i
522 1312 581 1361 est:
605 1305 698 1381 possit
714 1303 817 1380 aliquis
833 1303 1021 1362 consiluisse

37 1389 60 1437 et
80 1383 158 1444 heres
181 1405 260 1446 esse.
294 1387 441 1446 'Transeat
462 1404 535 1444 nunc
559 1386 633 1445 idem
654 1386 721 1460 illc,
745 1387 793 1463 qui
814 1387 968 1463 cogitavit,
989 1395 1019 1446 ut
1031 1398 1064 1449 51

37 1464 68 1521 ait
82 1464 193 1542 Cicero,
219 1469 344 1534 tibicinis
362 1469 452 1527 Latini
468 1469 553 1528 modo
572 1470 607 1528 ad
625 1469 771 1529 disertum.
815 1467 852 1530 Ut
871 1473 931 1530 icto
954 1490 1021 1530 coo·

37 1549 150 1609 cadom:
171 1561 202 1612 tu
221 1572 282 1612 nec
303 1554 407 1629 insons
428 1571 461 1610 es
478 1571 535 1612 nec
556 1552 682 1630 abfuisti
695 1571 753 1618 occ
770 1554 915 1614 militasti.
950 1553 1022 1612 Num

37 1628 99 1688 aliud
113 1637 236 1694 occurrit
255 1653 339 1711 quam
355 1634 441 1709 illud,
457 1633 522 1694 Sed
537 1635 672 1696 roeticas
686 1636 775 1695 sum?
804 1633 929 1709 Contra,
947 1635 1065 1712 quodsi

40 1709 115 1782 palan
127 1726 186 1793 est,
206 1719 294 1776 dicit:
320 1716 357 1778 Ut
372 1736 466 1795 opere
479 1734 540 1776 noc
556 1719 706 1794 potueris,
727 1718 868 1778 cocidere
878 1721 1004 1795 potuisti
1008 1739 1021 1786 ,·

38 1799 63 1847 et
75 1811 159 1858 verum
181 1809 236 1858 est.
283 1799 379 1872 Quare
396 1799 571 1859 redeundum
589 1801 697 1858 rustico
718 1800 753 1859 ud
770 1801 890 1859 animum
911 1799 1020 1876 legum·

36 1871 132 1938 latoris:
161 1882 355 1961 impietatem
375 1884 487 1960 punire
507 1883 614 1956 coluit,
639 1900 694 1960 epo
711 1891 813 1948 cotem
830 1883 941 1960 impios
963 1901 1023 1942 ooo
1115 1938 1126 1946 „

36 1974 96 2018 mm.
131 1961 238 2026 Contra
257 1965 335 2043 quod
351 1965 491 2038 disertus,
518 1962 562 2024 Tu
579 1965 671 2041 impie
687 1965 803 2042 fecisti,
826 1965 930 2041 inquit,
947 1973 1066 2026 >cuntot

35 2042 285 2108 sciscitationem
302 2049 438 2108 meruisti
444 2091 452 2122 ,
469 2049 539 2108 licet
553 2056 581 2108 te
597 2055 705 2125 posteo
719 2047 768 2108 cel
780 2049 962 2119 poenitentia
976 2049 1025 2108 oei

34 2123 148 2187 ambitos
165 2132 210 2191 od
228 2133 288 2191 lioc
305 2149 402 2208 qenais
417 2132 544 2208 optionis
559 2131 737 2191 adduxerit.
774 2129 1022 2208 Praetereapro·

30 2212 89 2276 pter
102 2218 128 2270 te
142 2213 311 2275 damnatos
325 2221 370 2274 est
383 2223 490 2291 pater,
512 2214 670 2275 videbaris
682 2215 760 2273 enim
777 2213 817 2274 de
832 2229 930 2274 conso
948 2231 1022 2289 pro.-

33 2291 182 2356 ountiosse.
228 2297 275 2356 Ad
296 2295 369 2355 haec
394 2298 532 2355 rusticus:
564 2295 607 2356 To
628 2315 701 2356 cero
718 2297 751 2356 io
775 2313 872 2357 cccco
895 2297 1023 2356 domno·

33 2369 108 2434 tronis
125 2379 228 2455 suisti,
251 2381 361 2440 mattos
374 2381 567 2461 offenderas,
589 2381 766 2440 inimicitias
781 2381 882 2440 domui
899 2388 1022 2441 contro-

32 2469 121 2517 ttros.
153 2461 236 2522 llaec
250 2462 468 2522 coniecturalia.
500 2462 574 2523 Illud
590 2479 723 2542 quoque,
741 2461 818 2540 quod
834 2462 941 2524 coloris
956 2463 1033 2522 loco·
1061 2491 1069 2499 ·

34 2540 140 2601 rusticus
157 2545 245 2621 dicit,
263 2547 354 2624 patris
370 2546 460 2605 luisse
478 2547 536 2606 tale
552 2546 719 2620 consilium,
741 2564 777 2605 ue
793 2547 955 2604 universam
972 2546 1021 2616 do-

31 2631 92 2679 mum
106 2630 240 2702 periculo
265 2629 437 2688 subiiceret
473 2628 553 2689 Haec
576 2629 666 2706 prima
682 2631 852 2706 quaestione
874 2628 973 2706 scripti
995 2636 1023 2685 et

31 2701 171 2769 voluntatis
194 2714 389 2770 continentur.
427 2711 609 2772 Intendamus
628 2712 704 2770 oltra
721 2714 841 2772 animum
862 2711 1065 2772 videamus-54

27 2799 91 2862 tte,
112 2809 146 2850 an
162 2795 275 2872 aliquid
292 2794 411 2854 inveniri
427 2805 580 2873 praeterea
596 2795 698 2871 possit.
726 2795 790 2868 Quo
807 2791 938 2853 idmodo.
954 2789 1022 2851 iret?

30 2865 124 2932 Sedulo
145 2877 243 2938 imitor
266 2886 469 2954 quaerentem,
490 2888 520 2936 ut
541 2895 684 2955 quaerere
706 2877 842 2952 doceam,
866 2885 895 2936 et
915 2876 1022 2936 omisso

28 2958 198 3026 speciosiore
225 2978 340 3037 genere
365 2961 401 3019 ad
423 2961 574 3020 utilitatem
600 2978 645 3018 me
671 2963 814 3020 summitto
842 2960 1021 3019 discentium.

29 3029 121 3099 011mes
144 3043 241 3102 adhuc
262 3044 449 3120 quaestiones
472 3063 510 3103 ex
530 3060 656 3121 persona
675 3045 809 3120 petitoris
826 3044 922 3120 ‘ipsius
942 3042 1020 3100 duxi-

26 3129 91 3189 Μὴ
115 3143 166 3184 cur
188 3145 248 3186 non
275 3126 382 3203 aliquid
406 3129 482 3186 circa
505 3135 616 3204 patrem
633 3123 818 3202 quaerimus?
841 3126 946 3185 dictum
966 3140 1022 3181 non

27 3210 79 3275 ⁰⁸²2
102 3205 158 3268 Coi
179 3213 251 3286 quis
272 3229 334 3270 noc
356 3209 494 3291 offuerit,
517 3211 646 3274 esteris
667 3211 735 3269 crit.
781 3207 839 3268 Cur
858 3225 915 3268 non
937 3212 1065 3265 cona-55

27 3295 79 3343 mur
99 3299 126 3348 et
148 3293 192 3358 sic
215 3310 380 3370 quaerere,
404 3291 498 3366 Num,
522 3293 693 3369 cuicunque
714 3295 782 3368 quis
798 3311 858 3352 ooo
878 3290 1022 3372 offuerit?

28 3359 144 3431 lacinus
161 3375 220 3434 hoc
233 3392 328 3452 saepe
344 3377 371 3434 in
387 3377 420 3434 iis
438 3375 660 3450 controversiis,
683 3377 711 3433 in
727 3374 829 3453 quibus
846 3379 980 3450 petuntur
994 3371 1022 3428 in

29 3445 143 3533 incrta,
163 3459 212 3537 qui
228 3468 368 3537 parentes
384 3475 452 3518 suos
470 3475 527 3517 non
544 3458 639 3535 alunt,
655 3467 686 3517 ut
701 3475 781 3532 eam,
805 3473 877 3534 quae
894 3455 1021 3514 testimo·
