2494 3952
357 201 446 251 rnsr.
464 202 613 251 onunon.
631 203 700 251 nm.
716 204 771 269 ιιι,
790 203 812 254 ι.
1024 193 1085 254 tao

71 374 154 438 quos
171 359 317 418 orationes
335 357 420 417 etiam
434 358 604 436 scripserat,
620 376 721 418 verum
737 367 765 417 et
783 359 856 418 iusta
872 359 915 418 sic
931 357 1083 422 iaciendo:

72 441 235 502 consede
252 442 360 518 ingenii
375 441 450 500 lama
460 442 513 502 sed
529 441 566 501 de
583 441 638 501 fide
656 458 724 502 esse
739 441 904 500 sollicitum.
929 441 1127 512 Dillrcilioru

70 527 105 585 ei
120 525 194 584 ratio
207 526 236 585 in
258 524 363 584 iudicio
381 522 552 585 Cluentiano
569 525 638 601 luit,
661 543 725 585 cum
739 525 943 585 Scamandrum
958 543 1082 587 necesse

72 607 199 669 haberet
214 608 314 668 dicere
329 617 493 685 nocentem,
509 610 589 670 cuius
608 617 710 686 egerat
726 625 850 669 causam.
889 607 997 668 Verum
1012 610 1082 671 illud

70 692 294 770 elegantissime
317 710 379 751 cum
403 708 517 768 eorum,
544 691 683 770 aquibus
704 692 794 753 adse
815 691 970 770 perductus
990 703 1081 771 esset,

61 775 214 854 ¹precibus
241 784 299 835 tum
326 777 412 834 etiam
439 776 639 837 adolescentia
660 792 713 835 sua
740 785 872 844 excusat:
900 775 1081 836 detracturus

68 859 184 936 alioqui
197 859 347 937 plurimum
359 860 547 938 auctoritatis,
560 861 596 936 si,
611 860 640 918 in
652 877 738 920 causa
750 859 920 938 praesertim
933 870 1080 938 suspecta,

71 960 108 1002 se
127 960 191 1001 eum
207 960 291 1019 esse,
309 944 357 1022 qui
374 952 483 1003 temere
501 952 641 1004 nocentes
656 959 724 1003 reos
739 945 913 1021 susciperet,
931 943 1080 1004 fateretur.

161 1025 248 1104 Apud
268 1026 391 1087 iudicem
412 1044 501 1103 vero,
525 1029 573 1105 qui
593 1036 641 1087 aut
664 1027 719 1088 erit
739 1028 869 1086 inimicus
893 1036 941 1087 aut
961 1035 1125 1106 propterte

68 1109 194 1188 aliquod
210 1110 388 1170 commodum
404 1129 420 1170 a
436 1129 533 1186 causa,
550 1129 634 1190 quam
649 1127 702 1170 nos
716 1111 941 1188 susceperimus,
957 1111 1080 1188 alienus,

69 1202 106 1253 ut
122 1193 314 1272 persuadendi
330 1194 419 1254 ardua
433 1195 507 1254 ratio
523 1195 562 1255 ita
577 1194 691 1255 dicendi
707 1195 930 1272 expeditissima.
962 1193 1081 1255 Fiducia

71 1279 152 1336 enim
168 1278 292 1337 iustitiae
310 1279 372 1337 aius
391 1285 420 1338 el
437 1286 555 1338 nostrae
572 1295 677 1338 causae
693 1277 762 1338 nihil
776 1295 830 1337 nos
847 1279 949 1336 timere
965 1276 1080 1337 simula·

70 1361 178 1420 bimus.
207 1359 275 1438 lpse
294 1363 349 1421 erit
362 1361 456 1438 gloria
470 1361 626 1437 inllandus,
645 1371 676 1420 ut
691 1370 769 1420 tanto
787 1361 893 1421 clarior
908 1362 970 1419 elus
985 1361 1080 1420 lutura

68 1445 111 1504 sit
130 1444 202 1503 lrdes
219 1462 254 1504 ae
269 1445 374 1523 religio
389 1447 417 1505 in
438 1445 662 1524 pronuntiando,
689 1453 794 1522 quanto
815 1445 907 1504 minus
925 1443 973 1503 vel
988 1445 1078 1504 offen·

69 1546 127 1588 sae
145 1529 193 1588 vel
208 1528 321 1588 utilitati
342 1547 412 1588 suae
434 1529 593 1589 indulserit.
627 1527 689 1588 lloc
707 1537 736 1588 et
758 1531 833 1606 apud
854 1544 922 1603 eos,
943 1545 958 1586 a
975 1526 1077 1604 quibus
1087 1543 1123 1598 75

70 1611 253 1689 appellatum
275 1613 346 1688 erit,
371 1614 395 1671 si
418 1613 495 1672 lorte
516 1613 550 1673 ad
567 1613 685 1673 eosdem
702 1613 892 1680 remittemur;
918 1611 1079 1672 adiicienda

70 1695 148 1772 ratio
162 1695 210 1754 vel
225 1697 408 1756 necessitatis
422 1696 553 1772 alicuius,
569 1697 594 1754 si
609 1696 638 1756 id
650 1713 736 1756 causa
748 1695 891 1770 concedit,
908 1694 956 1754 vel
970 1697 1078 1755 erroris

72 1779 123 1838 vel
143 1781 327 1856 suspicionis.
363 1777 546 1839 Tutissimum
572 1795 643 1856 ergo
664 1780 860 1857 poenitentiae
884 1777 1032 1837 confessio
1049 1787 1079 1836 et

69 1861 235 1922 salisiactio
252 1864 372 1942 culpae,
394 1863 653 1942 perducendusque
669 1861 844 1922 omnimodo
861 1860 947 1920 iudex
964 1861 998 1920 ad
1015 1863 1076 1920 irae

71 1945 225 2024 pudorem.
255 1946 370 2007 Accidit
388 1948 473 2007 etiam
493 1963 693 2024 nonnunquam
712 1946 813 2005 eadem
835 1961 938 2018 causa,
961 1943 998 2002 de
1021 1959 1121 2022 qua‘tq

73 2031 265 2107 pronuntiarit
291 2040 510 2108 cognoseatque
530 2032 641 2090 iterum.
674 2028 745 2088 'lum
771 2028 842 2088 illud
863 2027 978 2104 quidem
1000 2043 1076 2086 com·
1123 2097 1126 2104 Ι

67 2130 158 2172 mune
168 2134 174 2172 :
184 2113 266 2191 apud
282 2114 367 2174 alium
382 2131 435 2173 nos
452 2115 572 2190 iudicem
588 2115 782 2191 disputaturos
795 2112 831 2172 de
842 2111 919 2170 illius
935 2114 1077 2176 sententia

73 2212 133 2255 non
150 2195 252 2272 luisse,
268 2215 364 2275 neque
380 2198 454 2257 enim
470 2197 615 2257 emendari
629 2197 664 2256 ab
680 2197 738 2257 alio
754 2213 838 2274 quam
853 2197 918 2273 ipso
934 2195 978 2253 las
994 2211 1075 2262 esse;

68 2289 205 2338 ceterum
219 2298 256 2339 ex
272 2298 375 2356 causa,
398 2291 429 2340 ut
443 2299 576 2358 quaeque
591 2282 751 2358 permittet:
780 2288 827 2340 aut
841 2280 972 2356 ignorata
988 2295 1076 2356 quae-

69 2363 138 2423 dam
164 2373 211 2422 aut
236 2362 365 2423 defuisse
388 2373 479 2424 testes
506 2372 554 2424 aut
578 2364 670 2442 (quod
696 2364 871 2423 timidissime
892 2370 936 2437 ct,
960 2362 984 2420 si
1007 2360 1075 2421 nihil

71 2445 152 2506 aliud
173 2446 259 2524 plane
281 2448 384 2524 luerit,
414 2447 564 2507 dicendum
588 2449 648 2527 est)
671 2445 809 2527 patronos
832 2463 889 2504 non
911 2445 1074 2520 suffecisse,

67 2539 236 2590 succurret.
263 2529 367 2608 Etiam,
384 2532 408 2590 si
424 2533 499 2610 apud
515 2532 587 2591 alios
602 2532 712 2592 iudices
730 2540 846 2609 agetur,
863 2538 893 2588 ut
909 2530 937 2588 in
950 2528 1120 2594 secundat&

68 2615 237 2673 assertione
266 2624 314 2675 aut
339 2617 366 2674 in
396 2615 645 2676 centumviralibus
670 2614 782 2674 iudiciis
805 2611 967 2690 duplicibus
994 2620 1075 2689 parte

70 2698 167 2773 victa,
194 2698 342 2758 decentius
365 2700 434 2775 erit,
460 2701 593 2778 quotiens
616 2699 784 2774 contigerit,
813 2713 931 2756 servare
953 2695 1078 2754 iudicnrn

67 2780 229 2858 pudorem;
247 2782 283 2842 de
299 2801 354 2861 qua
369 2800 402 2842 re
418 2783 502 2842 latius
516 2782 716 2860 probationum
732 2780 799 2840 loco
816 2781 921 2839 dictum
937 2786 990 2837 est.

44 2913 47 2918 Α
158 2863 258 2924 Potest
274 2869 406 2942 evenire,
423 2875 452 2926 ut
467 2869 495 2925 in
510 2866 573 2926 aliis
591 2863 831 2942 reprehendenda
847 2864 913 2937 sint,
930 2863 1005 2939 quae
1022 2862 1077 2940 ipsi

69 2947 246 3024 fecerimus,
267 2958 298 3008 ut
319 2950 418 3010 obiicit
432 2948 547 3010 'labero
565 2949 696 3026 Ligario,
719 2948 796 3027 quod
816 2949 845 3006 in
862 2945 961 3005 Airica
978 2945 1074 3004 inerit.

72 3029 111 3090 m
137 3030 258 3091 ambitus
285 3034 398 3111 quidam
424 3034 545 3093 damnati
573 3032 789 3110 recuperandae
815 3031 958 3107 dignitatis
984 3030 1121 3105 granata

71 3130 142 3173 reos
165 3115 293 3175 eiusdem
317 3117 441 3176 criminis
462 3117 642 3192 detulerunt,
662 3125 693 3176 ut
712 3117 740 3176 in
754 3114 863 3176 scholis
886 3113 1077 3172 luxuriantem

69 3205 185 3274 patrem
200 3197 364 3277 luxuriosus
379 3201 442 3279 ipse
458 3201 569 3260 iuvenis
583 3208 709 3262 accusat.
736 3199 767 3259 ld
781 3197 925 3277 quomodo
937 3195 1077 3255 decenter

72 3280 137 3340 lieri
153 3283 256 3359 possit,
274 3285 407 3362 equidem
422 3301 478 3343 non
493 3285 618 3359 invenio,
633 3285 687 3344 nisi
702 3283 809 3362 aliquid
824 3281 979 3359 reperitur,
998 3277 1076 3356 quod
1180 3345 1182 3360 Ι

70 3364 202 3440 intersit,
220 3383 362 3444 persona,
383 3375 479 3443 aetas,
496 3377 624 3446 tempus,
641 3385 744 3442 causa,
762 3367 855 3440 locus,
870 3365 988 3423 animus.
1020 3359 1120 3423 'lu-80

72 3445 162 3525 bero,
186 3449 318 3510 iuvenem
332 3469 367 3510 se
383 3453 456 3529 patri
471 3451 602 3512 haesisse
611 3493 621 3529 ,
644 3451 723 3513 illum
740 3467 756 3510 a
771 3456 871 3510 senatu
886 3448 1004 3508 missum
1018 3461 1077 3506 noa
