2436 3956
161 219 219 284 108
475 231 512 278 n.
528 229 607 278 ran.
623 228 842 288 coturnum
917 221 923 226 ·

156 386 347 461 viverevult,
365 393 487 446 mortem
501 385 598 463 potius
614 382 689 442 male
711 391 792 462 petat
808 401 891 461 quam
907 386 1023 442 omnino
1039 400 1099 442 non
1114 402 1167 462 pe·

114 481 207 538 estat.
244 469 309 530 Non
326 478 421 529 minen
436 485 530 545 nego,
549 486 616 527 esse
639 467 856 527 controversias
877 467 1041 527 huiusmodi
1059 467 1167 544 figura·

157 563 215 614 tas:
238 562 270 614 ut
286 563 331 614 est
352 552 419 628 illa,
438 551 521 613 Reae
539 552 722 631 pormcidir',
744 551 827 629 quod
838 551 970 630 fratrem
987 553 1171 628 occidisset,

157 640 335 701 damnatam
351 638 392 697 ἑή
407 637 586 704 meledunum·
609 643 702 715 poter
719 653 779 713 pro
794 635 960 696 testimonio
976 635 1076 710 distr,
1101 654 1170 696 cum

156 741 190 784 ec
204 722 326 788 iubente
344 722 477 800 fenicem·
498 721 667 780 absolutum
684 719 819 780 abdicat.
855 716 926 777 Nam
945 735 1043 795 neque
1071 719 1102 776 in
1125 723 1169 777 to·

157 815 215 865 tum
232 803 290 866 lilio
313 805 407 883 parcit
426 819 498 878 nec,
522 802 599 880 quod
623 803 722 880 priore
744 801 851 862 iudicio
867 801 1038 877 affirmavit,
1052 810 1170 860 mutare

158 888 252 968 palan
268 895 367 966 potest
384 895 430 962 et,
450 895 480 945 ut
499 885 654 958 condurat
671 884 745 944 ultra
763 901 887 963 poenam
903 885 1117 960 abdicationis,
1135 887 1171 944 ita

157 971 272 1032 abdicat
288 980 396 1036 tamem
420 978 450 1029 et
471 969 580 1048 alioqui
602 969 694 1045 ligura
716 969 744 1027 in
764 977 878 1046 patrem
894 968 959 1046 plus
975 968 1063 1044 iacit,
1084 986 1171 1048 quam

114 1055 236 1132 solicet,
252 1056 280 1114 in
296 1053 385 1114 lilium
403 1054 504 1113 minus.
544 1051 582 1112 Ut
597 1061 692 1112 autem
713 1067 798 1111 nemo
819 1061 919 1112 contra
935 1051 981 1128 id,
998 1051 1080 1130 quod
1098 1053 1170 1126 vult,

158 1138 242 1214 dicit,
269 1139 307 1196 ita
329 1145 427 1215 potest
441 1135 544 1194 melius
560 1135 668 1214 aliquid
682 1135 778 1210 velle,
792 1153 877 1216 quam
895 1136 980 1196 dicit:
1003 1151 1062 1213 quo
1081 1136 1172 1195 modo
1192 1162 1193 1165 ¹

156 1221 208 1282 ille
223 1222 405 1298 abdicatas,
427 1222 479 1300 qai
501 1228 645 1299 epatre,
668 1227 701 1279 nt
721 1219 817 1297 filium
835 1223 1006 1296 expositum
1026 1226 1055 1279 et
1078 1220 1173 1280 abeo

158 1307 322 1366 educerum
335 1305 440 1367 solutis
455 1304 607 1365 alimentis
622 1304 774 1381 recipiat,
792 1305 938 1382 postolat,
953 1304 1095 1362 revocari
1113 1302 1170 1361 lor·

115 1395 237 1453 90tasse
252 1388 375 1463 mavult,
398 1403 456 1447 non
476 1395 571 1446 tamen
588 1385 666 1464 quod
682 1386 755 1464 petit
771 1403 829 1446 non
843 1385 914 1445 vult.
944 1385 998 1446 Est
1019 1385 1120 1445 lateus
1145 1395 1172 1444 et

158 1469 208 1530 illa
228 1470 418 1548 significatio,
443 1487 516 1547 qua,
543 1487 607 1530 eum
629 1470 673 1530 ius
695 1469 828 1547 asperius
847 1470 955 1548 petitur
970 1487 987 1529 a
1002 1467 1119 1545 iudice,
1142 1470 1171 1528 lit

159 1563 253 1614 tamen
269 1571 339 1632 spes
354 1554 450 1632 aliqua
462 1552 645 1629 clementiae,
663 1569 720 1612 non
734 1552 840 1632 palam,
857 1571 893 1613 ne
904 1553 1100 1632 paciscamur,
1119 1553 1171 1612 sed

158 1654 213 1715 per
234 1636 375 1716 quandam
398 1635 566 1696 credibilem
587 1637 800 1715 suspicionem,
827 1637 905 1697 utin
927 1635 1023 1696 multis
1049 1645 1170 1696 coutro-

157 1722 262 1781 versiis
288 1721 341 1781 sed
359 1721 388 1781 in
406 1720 462 1780 bac
483 1736 616 1800 quoque:
637 1720 773 1799 Raptor,
789 1722 850 1782 nisi
872 1723 957 1782 intra
979 1721 1170 1796 tricesimam
1210 1725 1211 1728 ’

44 1841 47 1846 -
158 1805 238 1867 diem
250 1811 279 1866 et
294 1812 407 1883 ruptae
416 1813 539 1883 patrem
550 1812 579 1865 et
588 1823 677 1865 snum
688 1806 875 1882 enorooerr't,
883 1811 1012 1884 perenn·
1024 1805 1080 1881 qui
1098 1823 1170 1866 eno·

158 1896 227 1952 roto
242 1897 353 1968 raptae
363 1897 552 1968 putrescam
565 1907 624 1950 nora
635 1896 755 1964 encrat,
770 1891 834 1968 opit
849 1908 918 1950 cnm
933 1907 968 1950 eo
983 1889 1170 1952 dementiae.

116 1971 228 2037 91Nam
251 1975 275 2032 si
291 1974 438 2051 promittat
452 1971 500 2031 bic
521 1979 620 2050 pater:
648 1970 684 2031 lis
706 1972 831 2041 tollitur;
856 1973 881 2031 si
902 1971 1009 2032 nullam
1025 1989 1112 2050 spem
1128 1972 1168 2031 la·

104 2073 107 2078 ·
160 2057 230 2116 ciat:
247 2065 348 2117 utnon
362 2055 497 2130 demens,
521 2053 647 2116 crudelis
666 2063 747 2115 certe
767 2055 899 2116 videatur
914 2065 944 2115 et
959 2073 974 2115 a
990 2072 1023 2114 se
1039 2055 1168 2116 iudicem

158 2147 279 2200 avertat.
316 2139 402 2200 Latro
435 2140 522 2217 igitur
549 2139 672 2217 optime:
710 2136 842 2202 Occidet
868 2141 962 2220 erqo?
988 2137 1025 2200 Sr'
1047 2149 1168 2217 potero.

159 2223 318 2284 Remissius
340 2232 371 2283 et
392 2239 446 2302 pro
468 2239 521 2282 suo
543 2222 659 2300 ingenio
682 2231 766 2301 pater
777 2222 898 2284 ,Gallioz
921 2221 1030 2298 Dura,
1052 2224 1168 2298 anime,

117 2309 259 2382 diuturn-
277 2308 352 2371 bere
370 2308 480 2386 fortior
496 2306 592 2384 suisti.
632 2303 761 2367 Goubnia
783 2315 848 2366 sunt
864 2306 908 2366 his
925 2305 1074 2366 celebrata
1091 2306 1169 2386 apud
1213 2319 1214 2378 l

161 2389 290 2452 Graecos
308 2390 472 2465 schemata,
495 2406 549 2467 per
566 2407 641 2467 quae
658 2408 706 2450 res
725 2407 845 2468 asperas
861 2389 976 2450 mollius
990 2390 1166 2466 significant.

160 2472 232 2533 Nam
247 2471 459 2533 Themistocles
475 2474 603 2532 suasisse
626 2475 803 2534 existimatur
819 2472 1056 2550 Atheniensibus,
1072 2482 1105 2533 ut
1121 2493 1167 2534 ur·

159 2556 225 2616 bem
239 2558 326 2635 apud
339 2558 412 2619 deos
427 2558 630 2635 deponerent,
654 2557 720 2636 qnia
735 2558 835 2617 durum
853 2567 914 2618 erat
930 2558 1047 2634 dicere,
1069 2566 1100 2616 ut
1116 2577 1166 2620 re-

158 2641 339 2718 linquerent.
365 2639 424 2716 Et,
451 2641 499 2720 qui
520 2639 666 2700 Victorias
688 2659 791 2701 aureas
810 2642 839 2700 in
860 2658 941 2700 usum
955 2638 1027 2700 belli
1046 2640 1166 2702 eonllari

158 2723 295 2800 volebat,
320 2725 358 2785 ita
379 2723 550 2800 declinavit,
574 2726 711 2787 notoriis
727 2726 871 2788 utendum
886 2743 963 2788 esse.
997 2721 1101 2784 l'otnm
1118 2743 1162 2784 an·

64 2884 68 2892 1
160 2816 218 2867 tem
234 2808 394 2885 allegoriae
411 2807 504 2868 simile
519 2816 581 2884 est,
606 2806 683 2868 aliud
707 2808 806 2868 dicere
827 2808 904 2868 aliud
924 2807 1050 2886 intelligi
1073 2808 1162 2868 velle.

117 2890 330 2965 monacnum
358 2892 444 2951 etiam
464 2901 526 2968 est,
556 2891 701 2971 quomodo
730 2893 902 2971 responderi
930 2900 1031 2951 contra
1057 2892 1164 2970 figuras

160 2982 321 3052 oporteret.
355 2973 393 3034 llt
423 2975 537 3052 quidam
558 2992 674 3053 semper
694 2993 732 3034 ex
753 2975 870 3035 diverso
894 2976 1067 3056 aperiendas
1083 2985 1162 3055 puta·

158 3066 272 3132 verunt,
289 3058 363 3118 sieut
382 3057 499 3118 latentia
513 3059 582 3118 vitia
597 3058 806 3124 rescinduntur.
834 3057 923 3137 ldque
941 3077 1011 3118 sane
1028 3057 1160 3138 frequen·

160 3141 270 3201 tissime
286 3140 446 3202 laciendum
465 3150 525 3209 est;
549 3141 633 3202 aliter
653 3144 727 3202 enim
742 3142 812 3202 dilui
828 3142 942 3202 obiecta
957 3159 1015 3202 non
1031 3154 1165 3226 possunt,

160 3225 260 3302 utique
277 3242 340 3284 cum
356 3227 488 3303 quaestio
505 3225 533 3283 in
549 3241 586 3284 eo
603 3227 745 3302 consistit,
762 3227 840 3306 quod
855 3226 965 3304 figurae
981 3235 1092 3304 petunt.
1127 3228 1172 3288 At

19 3381 21 3388 Ι
160 3325 224 3367 cum
240 3308 392 3368 maledicta
409 3315 474 3367 sunt
490 3316 612 3369 tantum:
636 3318 666 3369 ct
679 3327 736 3369 non
753 3309 918 3388 intelligere
934 3311 1047 3370 interim
1063 3319 1093 3369 et
1108 3310 1194 3370 dis-³
1212 3337 1213 3350 ι

19 3453 21 3463 ,
116 3391 294 3454 bisimulare
321 3390 416 3451 bonae
445 3393 643 3453 conscientiae
670 3402 724 3452 est.
770 3392 866 3471 Atque
895 3393 1029 3454 etiamsi
1057 3393 1171 3456 luerint

20 3471 21 3510 ³
159 3473 325 3534 crebriores
341 3474 466 3552 figurae,
483 3493 567 3554 quam
581 3484 612 3534 ut
629 3476 800 3537 dissimulari
815 3478 943 3556 possint,
961 3475 1169 3556 postulandum
