2494 3952
355 195 799 264 rnsr.oanron.n1n.1rr,3.
1019 189 1077 247 115
1161 150 1166 154 ⁴

74 353 237 416 auditorem
263 370 318 411 nec
348 351 486 428 languere
513 351 656 428 patiuntur
682 351 802 414 subinde
834 353 928 431 aliqua
959 354 1078 414 notabili

74 439 170 516 figura
186 438 358 510 excitatum,
382 444 411 494 et
424 434 530 494 babent
550 435 688 514 quandam
705 453 741 495 ex
754 435 804 496 illa
819 438 879 496 vitii
895 437 1077 498 similitudine

74 523 215 601 gratiam,
240 529 271 578 ut
292 521 320 586 in
342 519 413 579 cibis
434 519 545 577 interim
568 536 637 578 acor
657 520 720 598 ipse
736 519 874 580 iucundus
893 531 947 580 est.
992 521 1077 596 Quod

75 608 243 682 continget,
261 605 286 663 si
301 621 396 682 neque
411 617 498 680 supra
513 601 626 662 modum
640 602 746 662 multae
762 603 868 664 luerint
882 623 937 664 uec
949 604 1077 664 eiusdem

73 691 194 767 generis
210 696 259 748 aut
274 688 388 766 iunctae
405 695 451 746 aut
466 686 649 762 frequentem
674 688 740 764 quia
759 688 921 747 satietatem
938 697 968 747 ut
983 691 1076 748 varie·

74 783 119 834 tas
139 789 237 833 earum
253 772 290 830 ita
306 772 408 830 raritas
424 769 533 846 elingit.
798 815 805 823 .

78 849 88 876 ²
160 854 235 915 lllud
251 862 295 914 est
306 855 401 913 acrius
416 871 526 930 genus,
546 853 622 929 quod
636 871 693 913 non
708 863 813 913 tantum
829 853 982 914 iuratione
998 856 1075 932 posi·
1085 866 1119 920 28

75 950 135 1001 tum
146 948 191 999 est
202 937 340 1014 loquendi
352 939 405 998 sed
416 937 486 1015 ipsis
499 937 630 996 sensibus
643 939 832 1014 cumgratiam
842 946 897 996 tum
906 939 990 997 etiam
999 940 1076 996 vires

75 1021 285 1084 accommodat.
321 1019 460 1099 liquibus
473 1021 592 1098 primum
609 1021 661 1095 sit,
679 1021 755 1098 quod
778 1021 808 1080 lrt
823 1039 876 1098 per
893 1021 1076 1082 adiectio·
1184 1070 1188 1078 .

75 1125 163 1168 uem.
180 1105 265 1166 Plura
277 1113 341 1163 sunt
351 1121 470 1180 genera.
487 1101 557 1162 Nam
566 1113 595 1162 et
604 1102 694 1164 verba
703 1104 947 1182 geminantur,vel
959 1104 1075 1183 ampliis-

76 1191 161 1252 candi
173 1190 281 1266 gratia:
294 1197 324 1246 ut
338 1188 456 1262 Occidi,
469 1188 580 1264 occidi,
594 1207 652 1248 non
661 1187 715 1267 Sp.
724 1186 866 1248 Maelium
870 1210 884 1257 ;
897 1189 1017 1247 alterum
1033 1197 1078 1248 est

76 1277 170 1350 euim,
184 1271 261 1350 quod
274 1271 392 1346 indicat,
409 1269 545 1344 alterum,
562 1270 638 1349 quod
649 1271 784 1339 affirmat:
800 1271 849 1330 vel
861 1271 1030 1332 miserandi:
1048 1281 1078 1330 ut

323 1351 371 1416 Ab
392 1353 550 1433 Corydon,
574 1351 715 1434 Corydon
736 1389 787 1412 -.

77 1441 160 1516 Quae
183 1438 284 1499 eadem
307 1439 397 1516 ligura
422 1455 622 1515 nonnunquam
646 1456 700 1516 per
721 1439 839 1498 ironiam
856 1437 891 1498 ad
909 1437 1119 1498 elevandumt9

77 1524 265 1585 convertitur.
286 1523 392 1582 Similis
407 1520 607 1600 geminationis
623 1531 690 1600 post
707 1521 831 1602 aliquam
847 1522 1075 1582 interiectionem

77 1609 214 1686 repetitio
231 1615 276 1665 est
292 1606 344 1666 sed
362 1606 448 1685 paulo
472 1607 556 1665 etiam
570 1604 785 1665 vehementior:
808 1604 913 1681 Bona,
935 1606 1077 1666 miseram

80 1694 144 1752 met
164 1693 362 1770 (eonsamptis
385 1693 463 1752 enirn
484 1690 622 1751 lacrimis
638 1698 740 1750 tamen
756 1689 869 1766 inflans
884 1691 984 1750 animo
1003 1689 1076 1749 bae-

80 1784 127 1838 ret
141 1775 246 1855 dolor),
265 1773 361 1848 bona,
383 1777 524 1852 innatam,
547 1770 601 1836 On.
618 1771 753 1851 Pcrnpeii
772 1773 991 1834 acerbissimae
1009 1773 1078 1833 coci

78 1861 214 1920 subiecta
237 1860 409 1936 praeconis.
457 1855 540 1918 Vivis
561 1865 589 1916 et
617 1856 693 1916 diois
720 1874 780 1916 non
803 1857 848 1916 ad
867 1855 1078 1933 deponendam

77 1945 134 2005 sed
160 1943 204 2012 ad
230 1941 471 2018 confirmandam
501 1940 678 2002 andaciam.
730 1938 767 1999 Et
793 1938 828 1997 ab
854 1938 955 1998 iisdem
980 1935 1119 1996 verbis30

78 2026 161 2104 plura
187 2027 293 2084 acriter
326 2034 355 2085 et
383 2028 522 2085 instanter
548 2015 704 2101 incipiunt:
745 2020 865 2084 Nihilne
894 2031 923 2084 te
951 2029 1075 2083 noctar-

21 2183 22 2190 ,
77 2130 149 2170 nam
168 2110 359 2187 praesidinm
377 2109 504 2189 palatii,
526 2109 600 2168 nibil
624 2108 711 2168 serbis
731 2107 870 2185 eipiiiae,
893 2105 968 2167 niitil
991 2107 1078 2166 timor

21 2203 22 2264 t
75 2195 197 2273 papati,
219 2193 293 2256 nibil
314 2211 478 2254 censensus
492 2193 637 2253 bonorum
653 2191 798 2265 omniane,
819 2191 897 2252 nibil
910 2191 959 2250 bie
982 2189 1076 2249 mani·

79 2278 211 2339 tissimus
226 2277 359 2338 babendi
373 2285 497 2338 sanatae
514 2277 614 2349 locas,
637 2274 714 2336 nibil
726 2275 833 2336 boram
847 2293 904 2335 ara
919 2273 1078 2350 arrltnsqne

21 2417 22 2424 ,
78 2362 256 2422 maceriam?
279 2370 307 2420 et
321 2361 349 2418 iu
366 2359 467 2419 iisdem
483 2359 629 2419 desinunt:
648 2357 724 2431 Quis
740 2377 792 2420 eos
808 2357 997 2436 postulavit?
1014 2353 1077 2433 Ap-

21 2517 22 2524 ,
76 2447 155 2524 pins.
188 2442 262 2517 Onis
281 2445 448 2523 prodaait?
481 2442 607 2522 Appias.
651 2441 820 2521 Quanquam
836 2441 894 2501 hoc
915 2439 1118 2518 exemplum31

21 2541 23 2602 ξ
78 2529 114 2589 ad
130 2527 207 2588 aliud
230 2544 345 2607 quoque
366 2526 482 2587 schema
497 2528 637 2605 pertinet,
660 2528 741 2585 cuius
758 2534 788 2585 et
807 2526 885 2584 initia
900 2526 973 2583 inter
996 2541 1028 2582 se
1049 2530 1078 2582 et

78 2613 149 2672 fines
166 2611 250 2672 iidem
265 2621 345 2687 sunt,
362 2613 430 2689 qrrir
446 2620 475 2670 et
491 2612 574 2690 qais,
592 2607 709 2688 Appias
721 2606 887 2688 etAppias.
911 2607 1004 2682 Quale
1017 2614 1076 2665 est:

80 2694 140 2768 Qai
158 2705 243 2772 sant,
264 2697 316 2774 arri
329 2697 459 2774 foedera
478 2713 572 2773 saepe
593 2694 763 2773 ruperant?
799 2689 1076 2769 Cartbapinienses.

80 2778 139 2852 Oai
156 2788 244 2856 sant,
270 2780 321 2857 qai
344 2779 555 2840 crudelissime
571 2777 680 2838 bellam
698 2776 881 2856 poscerant?
915 2770 1077 2851 Cartbapi-

77 2865 208 2924 aienses.
253 2860 312 2935 Oai
327 2871 412 2939 sant,
434 2864 486 2940 qai
501 2860 624 2922 ltaliam
646 2859 879 2939 deformarent?
915 2854 1078 2933 Cartbaqi-

78 2949 207 3008 aienses.
251 2944 310 3019 Oai
325 2955 413 3022 sant,
435 2948 487 3024 qai
500 2946 559 3008 sibi
577 2946 694 3025 ipaosci
705 2943 883 3024 postulant?
914 2938 1074 3017 carebant-2

78 3032 208 3092 aienses.
253 3027 345 3089 Etiam
366 3030 394 3087 in
415 3028 618 3107 contrapositis
642 3027 691 3088 vel
715 3026 917 3105 comparativis
936 3024 1013 3084 solet
1033 3028 1120 3082 re÷32

79 3113 226 3193 spondere
241 3115 395 3192 primorum
410 3112 564 3172 verborum
585 3112 696 3172 alterna
716 3111 867 3190 repetitio,
895 3105 1077 3188 quodmodo

79 3198 161 3257 buius
186 3215 253 3257 esse
275 3197 334 3257 loci
354 3199 450 3275 potius
480 3197 554 3256 diri:
592 3195 707 3276 Vipilas
731 3203 763 3256 tn
785 3196 824 3256 de
842 3201 944 3268 nacte,
966 3200 999 3252 at
1017 3191 1079 3250 tais

79 3281 333 3344 constritatoribns
346 3281 555 3358 respondeas·
574 3282 642 3353 itte,
658 3288 691 3340 at
705 3297 757 3355 eo,
778 3295 837 3357 qno
850 3277 994 3350 intendit,
1015 3291 1078 3333 rna·

77 3373 147 3426 ture
172 3382 241 3425 carn
256 3365 393 3426 saerata
409 3365 584 3442 perveniat.
623 3361 664 3424 Te
678 3363 847 3440 pallorum
870 3360 953 3421 iliam
972 3357 1078 3419 bacci-

78 3466 189 3510 narnm
201 3453 308 3509 cardus
320 3449 495 3512 exsuscitat.
541 3444 584 3508 ru
599 3449 746 3512 actionem
756 3445 905 3587 institaisp
914 3441 1079 3562 plietaciem
