2436 3956
157 115 198 177 ⁷2
476 125 840 186 u.nnn.ou1rru1n1nur

156 299 214 362 qua
235 298 311 342 voce
334 279 426 340 omnis
449 279 614 340 intellectus
639 281 733 358 accipi
753 289 867 356 potest;
891 281 944 340 sed
968 280 1027 342 hoc
1046 285 1167 345 nomine
1202 349 1203 354 γ

157 367 298 426 donarunt
313 382 365 441 ea,
390 381 464 442 quae
478 379 537 424 non
554 363 666 440 dicunt,
691 381 791 423 verum
811 363 934 441 intelligi
951 363 1071 425 volunt:
1093 376 1125 426 ut
1140 370 1168 428 in

157 468 237 523 eum,
259 467 345 526 quem
360 450 476 526 saepius
499 466 515 508 a
538 447 607 507 ludo
627 447 789 508 redemerat
811 465 915 523 soror,
938 457 1079 524 agentem
1102 469 1168 511 cum
1202 487 1203 490 =

157 531 333 608 catallonis,
350 532 428 611 quod
446 534 473 590 ei
488 531 626 609 pollicem
645 531 797 590 dormienti
819 531 991 606 recidisset,
1010 529 1101 594 Erae
1118 537 1167 596 dt-

153 635 250 694 pmte,
270 624 304 676 ul
324 616 455 678 deberes
476 617 626 693 inteprom
647 633 780 676 taetrum.
821 616 870 675 Sic
892 617 967 674 enim
989 616 1109 676 auditur
1136 628 1168 680 ot

111 702 362 779 ladepupoercs.
392 699 524 760 Vocatur
538 697 645 777 aliquid
669 709 697 758 et
720 697 903 766 clausula;
933 717 1027 776 quae,
1059 703 1088 759 si
1110 712 1166 778 est,

156 783 234 862 quod
250 783 467 860 conclusionem
485 783 619 858 dicimus,
641 791 670 841 et
694 792 775 842 recta
794 791 823 842 et
838 781 1007 861 quibusdam
1022 784 1052 842 in
1076 788 1166 862 parti·

155 866 209 927 bus
222 869 392 928 necessaria
409 877 468 927 est:
501 865 606 940 Quore
626 869 717 945 prius
732 868 772 928 de
784 874 887 928 oestro
899 867 985 945 facto
998 867 1168 944 sateondm'

156 971 281 1013 necesse
303 958 366 1025 est,
395 967 488 1030 qoam
512 948 631 1028 liparo
652 952 775 1030 colpum
796 950 891 1012 ullam
911 951 1165 1028 reprehendatis.

156 1035 215 1095 Sed
230 1053 305 1094 nunc
321 1033 398 1095 aliud
412 1034 528 1110 volunt,
552 1043 584 1092 ut
608 1035 699 1093 omnis
721 1051 823 1092 sensus
838 1035 866 1093 in
886 1033 942 1092 line
958 1037 1107 1094 sermonis
1122 1037 1165 1096 fe·

114 1119 209 1182 leriat
225 1135 332 1178 aurem.
379 1118 477 1197 Turpe
498 1126 593 1178 autem
614 1135 648 1177 ac
663 1134 757 1196 prope
773 1116 855 1176 nefas
873 1113 989 1193 ducunt,
1011 1122 1166 1196 respirare

156 1201 216 1262 ullo
233 1202 312 1279 loco,
327 1203 376 1280 qul
393 1202 630 1262 acclamationem
649 1220 706 1263 uon
724 1201 850 1279 petierit.
888 1199 957 1260 lude
972 1202 1074 1261 minuti
1099 1221 1164 1263 cor-

155 1286 290 1364 ruptique
312 1286 450 1346 sensiculi
472 1294 501 1344 et
521 1295 603 1344 extra
624 1303 684 1345 rem
704 1285 801 1364 petiti;
823 1286 1014 1362 nequeenim
1037 1297 1164 1363 possunt

155 1379 211 1429 tam
227 1368 333 1429 multae
348 1369 443 1428 bonae
459 1369 620 1428 sententiae
639 1386 724 1444 esse,
752 1385 836 1446 quarn
850 1386 974 1428 necesse
991 1377 1037 1427 est
1052 1370 1164 1431 multae

155 1452 212 1512 siut
226 1452 383 1511 clausulae.

115 1545 147 1598 15
238 1534 297 1594 lam
317 1535 391 1595 lraec
408 1535 500 1611 magis
523 1551 598 1595 nova
621 1537 826 1595 sententiarum
846 1553 964 1613 genera.
1006 1533 1057 1594 Ex
1081 1537 1161 1596 ino·

156 1619 190 1695 pi
201 1627 301 1677 nato:
327 1627 358 1678 ut
374 1619 445 1679 dixit
461 1616 563 1678 Vibius
580 1616 700 1698 Crispus
715 1621 744 1678 in
761 1637 842 1695 eum,
862 1621 920 1697 qui,
939 1637 1004 1678 cum
1018 1618 1162 1680 loricatus

155 1702 184 1760 in
206 1701 272 1760 loro
295 1701 470 1779 ambularet,
497 1701 723 1780 praetendebat,
744 1701 772 1761 id
795 1721 829 1764 se
849 1711 925 1762 metu
942 1703 1061 1780 iacere,
1087 1703 1163 1778 Qus·

155 1786 208 1846 titt
221 1787 268 1847 es'c
289 1788 394 1847 timere
405 1787 567 1866 permisit?
600 1784 638 1846 llt
659 1787 809 1863 insigniter
829 1786 981 1847 Africanus
1004 1787 1081 1865 apud
1105 1787 1160 1848 Ne·

156 1885 256 1928 nonem
272 1869 309 1930 de
324 1878 418 1930 morte
434 1870 548 1946 aratris,
570 1869 691 1950 Ropattt
711 1878 754 1945 te,
782 1867 920 1947 Caesar,
938 1871 1059 1934 Geldae
1075 1879 1161 1949 tuoe,

81 1959 84 1964 '
114 1959 186 2016 locet
201 1954 378 2031 felicitatem
396 1962 479 2015 taam
499 1954 622 2032 fortiter
641 1953 738 2030 feros.
779 1955 851 2013 Sunt
870 1963 900 2014 et
922 1954 996 2015 alio
1021 1953 1158 2015 relata:

153 2045 185 2094 ut
200 2035 273 2094 Aier
287 2035 445 2113 Domitius,
468 2055 531 2096 cum
545 2035 720 2096 Domitillam
736 2035 924 2113 defenderet,
951 2039 996 2098 cui
1012 2037 1160 2098 obiectum

156 2119 273 2195 crimen,
293 2119 371 2198 quod
385 2122 486 2196 virum,
503 2121 551 2198 qni
565 2121 639 2179 inter
653 2119 829 2180 rebellantes
853 2120 967 2197 fuerat,
986 2118 1158 2199 sepelisset,

154 2195 307 2262 remiserat
323 2201 470 2280 Claudius,
488 2205 517 2262 in
531 2204 650 2282 epilogo
666 2204 741 2263 lilios
758 2207 819 2263 eius
839 2204 1004 2283 alloquens,
1025 2203 1158 2266 Matrem

112 2291 146 2348 17
155 2296 272 2362 tomen,
296 2288 401 2365 inquit,
421 2290 513 2366 pueri
534 2290 698 2366 sepelitote.
735 2286 772 2346 Et
794 2287 946 2347 aliunde
964 2290 1101 2366 petita,
1130 2287 1158 2348 id

156 2379 201 2428 est
214 2372 242 2429 in
263 2369 348 2429 alium
365 2367 460 2430 locum
482 2390 520 2431 ex
541 2371 597 2431 alio
615 2372 766 2431 translata.
803 2371 858 2430 Pro
881 2372 1001 2450 Spatale
1024 2370 1157 2450 Crispos,

156 2454 204 2531 qui
219 2453 357 2512 heredem
370 2462 482 2512 amator
494 2455 670 2516 instituerat:
692 2453 849 2531 Decessit,
873 2475 942 2516 crem
957 2457 1086 2517 dederet
1103 2475 1155 2516 oa·

153 2556 208 2598 reos
230 2537 443 2616 duodeviginti.
486 2535 644 2600 Hominem
673 2540 825 2615 divinem,
851 2541 904 2618 poi
930 2541 990 2601 etot
1010 2538 1158 2600 indulsit!

112 2618 236 2682 sainct
251 2620 389 2698 quasdam
407 2623 564 2682 sententias
588 2624 652 2682 sola
675 2623 894 2699 geminatio:
921 2623 1015 2700 qualis
1038 2631 1084 2682 est
1105 2623 1155 2682 Se·

154 2721 245 2764 necae
261 2707 289 2764 in
307 2721 343 2764 eo
359 2707 480 2784 scripto,
498 2706 574 2783 quod
589 2705 668 2765 Nero
685 2706 719 2767 ad
740 2707 876 2766 Senatum
890 2707 966 2766 misit
981 2709 1081 2766 occisa
1099 2722 1154 2767 ma·

154 2797 210 2864 tre,
234 2807 297 2848 cum
311 2807 345 2848 se
365 2789 558 2867 periclitatum
573 2791 664 2862 videri
681 2789 788 2850 vellet:
809 2789 935 2851 Salvom
947 2810 996 2876 gne
1014 2811 1082 2852 ecee
1098 2789 1154 2850 ad-

154 2872 215 2934 llttc
228 2891 285 2933 occ
301 2873 396 2935 credo
409 2891 467 2934 aec
477 2875 606 2952 pecudeo.
635 2872 750 2948 Melior,
766 2893 830 2933 cum
842 2891 879 2933 ex
892 2875 1044 2934 contrariis
1057 2873 1149 2933 valet:

155 2953 279 3032 Habeo,
300 2972 388 3034 quem
406 2956 542 3036 sapiam
571 2974 658 3034 poem
680 2975 812 3034 sequor,
834 2977 894 3018 noc
912 2957 1019 3018 dobeo.
1042 2955 1153 3030 oum,

155 3042 237 3118 qood
256 3040 364 3116 miser,
395 3061 464 3102 com
484 3043 567 3119 loqui
585 3060 645 3102 ooo
664 3050 784 3120 posset,
807 3050 911 3104 tacere
931 3060 992 3102 ooo
1011 3039 1152 3118 poteret?

111 3123 196 3187 leEa
217 3141 287 3184 vero
306 3124 337 3183 fit
352 3124 563 3202 pulcherrima,
586 3143 649 3183 cum
665 3125 760 3203 aliqua
777 3126 991 3203 comparatione
1007 3122 1151 3184 clarescit

156 3206 314 3267 Trachalus
331 3217 431 3268 contra
448 3208 600 3286 Spatalen:
623 3206 727 3269 Placet
747 3209 803 3270 doc
818 3227 902 3287 erpo,
917 3209 1009 3287 loyes,
1028 3209 1150 3286 dileett-

155 3293 290 3354 tissimae
303 3293 433 3370 pudoris
450 3293 607 3370 custodes,
631 3293 768 3353 decianus
788 3293 937 3353 acoribus
952 3293 1042 3370 dard,
1057 3305 1151 3370 poor·

153 3383 204 3436 tae
218 3375 450 3438 meretricibus?
