2446 3962
14 88 25 209 f

11 387 13 440 4
53 375 107 416 reus
118 367 165 432 est,
177 355 319 416 confessio
331 355 524 416 verecundior
534 373 617 434 quarn
628 357 789 435 expositio:
802 353 1024 434 Nonneqomoe

51 442 82 500 de
92 443 187 519 tmrplo
198 440 361 519 pecuniam
375 457 443 500 essa
452 441 615 515 sublatam,
634 441 841 500 calomniator
850 447 951 500 tamen
968 458 1023 500 ac·

52 531 155 584 cosotm
162 526 276 586 actione
286 523 453 602 sacrilepit',
462 541 530 584 com
538 524 664 601 privato
672 522 767 601 fuerit
776 541 836 584 noo
847 541 959 590 socrum
970 540 1024 584 oce

306 203 395 250 ruer.
410 202 558 251 oesucrr.
572 203 640 248 uro.
655 199 738 268 1v‚n.
961 188 1020 250 165

49 613 132 666 umen
145 608 182 669 dc
196 608 252 668 loo
267 608 464 685 cognoscetis,
482 625 524 666 cn
537 607 735 684 resumptum
748 607 789 666 stt
802 606 981 670 admissum.

11 655 16 758 ,ι
117 691 171 750 Sed
185 699 214 750 ut
229 689 281 749 has
299 689 453 767 aliquando
469 705 526 748 non
544 689 797 748 narrandicuusas
815 697 902 768 puto:
926 689 969 748 sic
988 687 1048 751 atro

12 769 13 774 ’
51 771 95 830 illis
117 773 267 849 dissentio,
290 773 419 852 quinon
446 774 609 831 existimant
634 790 701 831 esse
723 773 934 846 narrationem,
960 790 1024 831 cum

48 872 102 913 reus
118 858 188 934 quod
210 856 345 917 obiicitur
361 864 468 916 tantum
490 865 592 933 negem
616 857 644 914 in
662 873 718 933 qna
740 864 784 914 est
800 856 935 933 opinione
953 852 1023 914 Gor·

51 936 257 1016 nelins‘Gelsus,
283 941 332 1018 qui
350 940 528 999 condicionis
551 938 719 1014 huiuscene
741 937 895 998 arbitretur
912 938 1023 1017 pleras-

50 1037 94 1096 que
107 1024 195 1083 caedis
213 1040 317 1083 causas
334 1031 363 1081 et
381 1041 481 1082 omnes
498 1021 620 1081 ambitus
639 1041 673 1081 ac
688 1022 921 1100 repetundarum.
959 1021 1067 1082 Noulo

49 1105 108 1162 enin
125 1116 200 1183 putat
223 1124 293 1166 esse
313 1108 523 1182 narrationem,
547 1106 603 1164 nisi
628 1123 703 1183 qnae
727 1122 863 1164 summam
888 1107 1023 1181 criminis,

46 1185 75 1244 dr
89 1205 139 1266 quo
154 1190 287 1250 iudicium
303 1198 365 1266 est,
388 1191 533 1264 continet,
550 1188 654 1248 deinde
670 1188 776 1247 latetur
791 1190 873 1266 ipse,
897 1205 952 1266 pro
969 1187 1024 1247 Ra-

46 1267 105 1328 birio
125 1272 254 1333 Postumo
281 1291 417 1332 narrasse
442 1270 632 1340 Ciceronem
660 1280 747 1349 atque
775 1271 825 1331 ille
854 1281 882 1330 et
908 1273 1026 1347 negavit

47 1357 194 1428 peruenisse
215 1358 253 1418 ad
268 1355 414 1416 Rabirium
432 1356 598 1435 pecuniam,
622 1373 678 1432 qun
700 1354 736 1415 de
757 1373 790 1414 re
812 1364 875 1414 erat
891 1355 1024 1433 quaestio

10 1451 12 1532 Ι
47 1439 193 1515 constituta,
214 1451 244 1500 et
267 1442 297 1499 iu
319 1440 374 1500 lrac
395 1441 560 1501 narratione
582 1438 653 1498 nilril
676 1438 713 1498 de
738 1440 855 1498 crimine
877 1439 1023 1516 exposuit.

10 1535 12 1598 ς
48 1515 99 1594 Ego
117 1532 203 1584 autern
224 1541 348 1601 magnos
365 1524 476 1602 alioqui
497 1531 616 1583 secutus
637 1531 790 1598 auctores,
813 1523 884 1582 duas
909 1539 977 1582 esse
999 1522 1067 1586 init

10 1629 13 1678 ς,
48 1601 139 1663 iudiciis
152 1610 348 1669 narrationum
365 1609 482 1685 species
501 1607 651 1681 existimo,
675 1604 794 1666 alteram
810 1607 901 1684 ipsius
918 1622 1025 1665 causae
1117 1669 1121 1678 ,

50 1683 147 1747 alteran
164 1709 260 1751 rerum
285 1692 320 1751 ad
339 1709 454 1750 causam
475 1690 678 1770 pertinentium
700 1691 924 1767 expositionem.
958 1686 1026 1750 Non
1035 1697 1068 1752 12

45 1771 130 1832 occidi
145 1773 309 1850 bominem,
327 1775 405 1835 nulla
423 1776 548 1834 narratio
568 1782 627 1842 est;
651 1774 801 1840 convenit3
825 1771 877 1831 sed
898 1771 954 1830 erit
974 1772 1025 1830 nli·

45 1867 91 1927 qua
110 1863 135 1913 et
152 1859 267 1918 interim
291 1860 376 1918 etiarn
399 1858 487 1934 longa
510 1865 610 1916 contra
632 1864 800 1932 argumenta
818 1856 880 1914 eius
901 1854 1026 1912 criminis

42 1933 72 1992 dc
89 1948 213 2003 anteacta
229 1947 308 2018 vita,
331 1942 367 2003 dc
391 1943 502 2016 causis,
525 1949 647 2018 propter
662 1956 734 2018 quas
750 1940 890 1998 innocens
906 1938 934 1997 in
951 1938 1026 2015 peri-

41 2020 121 2080 culum
137 2025 313 2102 deducatur,
331 2026 409 2101 aliis,
427 2024 529 2104 quibus
545 2022 715 2083 incredibile
731 2021 769 2099 id,
787 2023 865 2101 quod
880 2019 1025 2096 obiicitur,

40 2100 87 2161 bat.
113 2104 214 2187 Neque
230 2111 309 2170 enim
325 2118 480 2168 accusator
494 2117 601 2167 tantum
615 2107 673 2166 hoc
691 2107 771 2181 dicit,
787 2106 930 2168 occidisti
936 2126 943 2172 ;
962 2101 1026 2180 sed,
1038 2103 1069 2158 13

38 2187 127 2260 quibos
146 2192 175 2252 id
196 2193 325 2271 probet,
353 2201 459 2252 narrat.
502 2191 594 2251 Utin
620 2189 797 2266 tragoediis,
827 2206 891 2248 cum
913 2187 1028 2247 Teucer

38 2265 129 2330 Ulixen
148 2293 232 2336 reum
254 2278 328 2338 iacit
344 2276 445 2336 Aiacis
468 2274 559 2335 occisi
580 2275 694 2334 dicens:
724 2271 882 2334 Inventum
907 2288 976 2332 cum
995 2271 1028 2330 ἐπ’

35 2355 183 2420 sobtodine
196 2364 292 2422 iuxta
303 2361 444 2422 monime
456 2377 570 2437 corpus
584 2357 701 2419 inimici
715 2375 784 2418 cum
796 2357 902 2435 plodio
916 2371 1027 2416 cruen-

39 2442 73 2494 to:
96 2457 151 2500 non
165 2443 194 2502 id
210 2445 301 2506 modo
318 2443 421 2504 Ulixes
436 2442 611 2521 respondet,
633 2457 691 2500 non
706 2457 774 2499 esse
790 2458 806 2499 a
823 2457 856 2498 se
872 2439 900 2499 id
915 2437 1027 2498 lacinus

35 2518 190 2603 admissum,
215 2527 272 2587 sed
296 2526 350 2586 sibi
373 2525 467 2587 nullas
489 2544 553 2586 curu
570 2524 662 2584 Aiace
682 2524 842 2584 inimicitias
857 2522 968 2594 luisse,
991 2521 1028 2581 de

37 2601 107 2666 lande
129 2610 206 2670 inter
231 2613 318 2691 ipsos
341 2619 497 2677 certaturn:
523 2608 628 2669 deinde
648 2607 810 2684 subiungit,
834 2605 980 2684 quomodo
999 2604 1028 2661 in

37 2701 86 2748 ean
100 2693 293 2756 solitudinem
307 2695 430 2770 venerit,
446 2695 589 2754 iacentem
604 2693 763 2752 exanimem
779 2691 816 2749 sit
831 2689 1027 2767 conspicatus,

35 2770 145 2843 stadium
167 2779 329 2839 euulnere
352 2779 520 2838 extraxerit.
558 2775 608 2836 His
631 2774 793 2836 subtexitur
808 2772 1026 2850 argumentatio.

36 2851 83 2916 Sed
96 2856 131 2920 ne
147 2861 219 2923 illud
237 2860 358 2942 quidem
374 2864 437 2921 siue
452 2862 617 2922 narratione
634 2868 696 2936 est,
714 2859 829 2918 dicente
845 2864 1028 2931 accusatore,
1040 2861 1073 2916 14

33 2934 116 3003 Fuisti
134 2947 167 3007 ἑτι
183 2966 219 3008 co
241 2951 330 3023 loco,
349 2947 381 3008 in
403 2962 460 3025 quo
480 2955 550 3007 tous
569 2945 712 3005 inimicos
732 2943 854 3004 occissus
874 2948 934 3002 cet:
961 2937 1029 3001 Non

10 3020 89 3108 ,lits
117 3029 275 3091 dicendum
305 3031 399 3105 euim,
427 3029 476 3091 ubi
498 3029 595 3089 luerit.
646 3027 743 3102 Quare
766 3024 886 3085 ambitus
911 3040 1028 3103 quoque

33 3121 126 3172 causae
144 3125 173 3174 et
195 3115 429 3194 repetundarum
443 3114 502 3174 hoo
524 3113 609 3173 etism
633 3111 732 3190 plures
754 3108 915 3168 huiusmodi
931 3122 1029 3167 narra·

34 3188 115 3253 tiones
137 3197 254 3260 habere
279 3207 434 3278 poterunt,
457 3214 514 3277 qno
536 3197 619 3277 plura
640 3195 772 3262 crimina;
796 3191 945 3270 inquibus
966 3192 1030 3268 ipsa

34 3275 135 3350 niden
150 3281 294 3361 neganda
316 3292 399 3357 sunt,
422 3283 475 3342 sed
493 3279 668 3358 argumentis
685 3277 869 3356 expositione
886 3273 1030 3334 contraria

32 3371 68 3417 itt
92 3367 215 3427 tendum
229 3376 261 3426 et
277 3367 421 3426 interdurn
436 3365 560 3442 singulis
574 3362 715 3422 interdum
729 3361 882 3420 uniuersis.
906 3357 951 3416 An
962 3371 1030 3415 reus
1040 3359 1073 3413 lb

31 3453 68 3501 tn
96 3448 142 3509 ''us
158 3451 240 3511 male
264 3450 411 3527 narrabit,
431 3466 505 3528 quos
522 3454 659 3527 parentes
675 3445 823 3519 imbuerit,
846 3440 1029 3521 quemadmo-
