2494 3952
179 217 241 281 itio
491 225 853 287 commemoramur

177 387 215 447 sit
232 392 344 451 orator:
359 397 445 461 quern
460 390 554 442 tamen
570 382 597 440 in
614 378 665 440 illo
681 378 776 440 medio
795 397 905 457 genere
923 379 1032 442 dicendi
1045 380 1164 461 praeiert

178 467 309 530 omnibus
325 464 441 527 Cicero.

132 567 168 620 ει
261 549 590 629 Philosophorum,
622 565 658 608 ex
687 547 790 627 quihus
818 546 970 628 plurimum
995 568 1027 609 se
1052 551 1167 610 traxisse

177 635 362 715 eloquentiae
385 631 423 694 ll.
447 631 746 707 l’ulliusfconiitetur,
771 633 833 709 quis
856 631 966 692 dubitet
990 633 1169 694 Platonem

177 739 245 783 esse
260 721 447 800 praecipuum
464 718 526 776 sive
548 717 677 777 acumine
698 715 861 776 disserendi
886 719 949 777 sive
970 717 1119 795 eloquendi
1131 717 1169 777 ia·

177 805 284 867 cultate
300 804 394 864 divina
410 800 531 880 quadam
547 808 576 858 et
590 797 763 860 Homerica?
791 798 910 860 Multum
926 803 1000 860 enim
1010 819 1094 880 supra
1109 817 1172 880 pro·

177 908 237 949 sum
253 888 413 947 orationem
435 893 464 945 et
487 900 571 962 quarn
591 882 756 961 pedestrem
773 882 877 943 Graeci
898 892 1004 944 vocant
1019 887 1124 962 surgit,
1145 894 1173 945 ut

176 973 243 1032 mihi
259 987 316 1031 non
334 970 455 1030 lrominis
470 968 587 1045 iugenio
604 968 658 1028 sed
673 966 796 1047 quodam
808 965 953 1046 Delphico
969 969 1098 1028 videatur
1114 985 1174 1029 ora·

133 1057 243 1125 820qu
273 1055 433 1114 instinctus.
483 1050 558 1125 Quid
587 1068 643 1128 ego
674 1067 896 1113 commemorent
923 1049 1174 1130 Xenophontis

175 1140 254 1200 illum
269 1139 474 1198 iucunditatem
490 1135 680 1196 inaffectatum
695 1134 747 1194 sed
760 1151 844 1212 quam
860 1134 938 1196 nulla
955 1139 1094 1215 consequi
1109 1137 1174 1197 alic·

178 1225 265 1283 otatio
282 1218 395 1303 possit?
417 1229 446 1280 ut
469 1220 550 1296 ipsae
572 1235 736 1278 sermonem
757 1219 875 1278 linxisse
893 1217 1009 1280 Gratiae
1032 1221 1176 1282 videantur

177 1316 221 1382 et,
247 1306 324 1385 quod
346 1306 382 1367 de
398 1303 511 1364 Pericle
537 1303 644 1362 veteris
672 1302 840 1376 comoediae
863 1305 1055 1364 testimonium
1070 1315 1131 1380 est,
1151 1307 1176 1382 in

176 1390 252 1451 hunc
267 1390 416 1449 transferri
432 1387 586 1449 iustissime
603 1388 710 1465 possit,
734 1388 762 1446 in
778 1385 866 1446 labris
883 1387 945 1446 eius
964 1389 1078 1449 sedisse
1094 1408 1176 1468 quan·

107 1475 240 1548 ‚eadam
257 1471 451 1553 persuadendi
473 1471 564 1531 deam.
601 1469 676 1544 Quid
700 1470 876 1548 reliquorum
897 1472 1177 1532 Socraticorum

178 1551 373 1634 elegantiam?
416 1554 491 1630 Quid
518 1553 787 1615 Aristotelem?
826 1573 910 1632 quiem
936 1554 1037 1616 dubito
1064 1557 1177 1616 scientia

178 1659 273 1699 rerum
295 1657 331 1700 an
352 1641 524 1718 scriptorum
548 1639 633 1716 copia
651 1656 685 1698 un
701 1638 856 1718 eloquendi
872 1641 1014 1700 suavitate
1035 1659 1071 1700 an
1086 1642 1177 1701 inven-

177 1725 286 1784 tionum
306 1723 436 1784 uoumine
459 1739 494 1781 an
509 1723 649 1782 varietate
665 1739 785 1802 operum
801 1723 954 1784 clariorem
972 1733 1081 1800 putem.
1114 1724 1177 1786 Nan

81 1881 85 1884 ,
177 1809 204 1866 in
220 1805 480 1887 Theophrasto
501 1814 557 1867 tam
581 1815 626 1866 est
641 1806 779 1887 loquendi
793 1809 869 1867 nitor
885 1806 935 1868 ille
953 1804 1084 1883 divinus,
1100 1817 1130 1869 ut
1146 1826 1178 1868 cr

133 1905 212 1959 adeo
228 1909 331 1952 nomen
349 1910 465 1971 quoque
481 1893 604 1952 traxisse
621 1891 740 1952 dicatur.
771 1889 863 1950 Minus
879 1891 1028 1952 indulsere
1045 1892 1177 1972 eloquen-

176 1979 234 2036 tiae
251 1977 368 2036 Stoici
385 1985 516 2043 veteres;
534 1976 587 2035 sed
604 1992 666 2034 cum
679 1975 800 2034 honesta
816 1982 968 2035 suaserunt
982 1984 1043 2036 turn
1054 1977 1083 2036 in
1101 1977 1176 2037 oolli-

176 2060 273 2138 gendo
297 2059 523 2139 probandoque,
544 2077 617 2138 quae
634 2059 829 2134 instituerant,
852 2058 1002 2137 plurimum
1020 2061 1175 2137 valuerunt,

178 2143 264 2203 rebus
277 2153 372 2204 tamen
384 2147 459 2205 acuti
470 2144 561 2220 magis
575 2159 668 2221 qnam,
677 2142 704 2203 id
717 2143 794 2222 quod
809 2160 879 2203 sane
892 2159 948 2203 non
961 2141 1176 2221 affectaverunt,

35 2297 39 2306 ,
178 2229 308 2288 oratione
326 2228 479 2305 magnifici.

133 2323 168 2376 85
259 2311 338 2372 ldern
361 2311 443 2372 nobis
468 2329 523 2391 pcr
543 2310 723 2372 Romanos
749 2328 865 2388 quoque
888 2321 1025 2373 auctores
1045 2313 1118 2373 ordo
1134 2313 1177 2374 du·

179 2394 287 2454 condus
304 2403 359 2471 est,
383 2395 483 2474 ltaque
499 2404 529 2454 ut
544 2395 620 2474 apud
635 2394 702 2454 illos
714 2393 858 2455 Homerus
873 2397 915 2455 sic
931 2395 1007 2476 apud
1023 2414 1079 2457 nos
1095 2398 1177 2457 Ver·

178 2477 295 2554 gilius
318 2479 577 2556 auspicatissimum
592 2478 705 2540 dederit
721 2480 887 2554 exordium,
912 2484 1038 2540 omnium
1056 2483 1118 2562 eius
1133 2499 1177 2560 ge·

178 2562 254 2620 neris
267 2571 417 2640 poetarum
425 2561 601 2624 Graecorum
613 2572 835 2643 nostrorumque
846 2563 921 2624 houd
932 2565 1177 2642 dubieproximus.
1222 2594 1227 2637 t

87 2643 249 2716 =-·86Utor
267 2647 341 2706 enim
356 2646 453 2706 verbis
475 2645 593 2722 iisdem,
622 2664 695 2725 quae
718 2665 754 2706 ex
770 2647 843 2706 Airo
862 2646 988 2709 Domitio
1005 2648 1119 2710 iuvenis
1135 2668 1178 2709 er·

178 2731 256 2807 cepi:
276 2731 324 2808 qui
341 2731 408 2791 milri
425 2733 632 2809 interroganti,
651 2749 736 2808 quem
757 2730 883 2791 llomero
906 2731 1042 2792 crederet
1063 2735 1179 2795 maxime

178 2813 341 2890 accedere,
362 2813 540 2889 Secundus,
563 2814 668 2895 inquit,
686 2823 731 2876 est
749 2813 916 2895 Vergiliae,
938 2817 1068 2895 propior
1085 2827 1179 2879 tameo
1228 2847 1229 2882 u

175 2897 276 2974 primo
291 2913 383 2976 quam
400 2902 498 2962 tertio.
531 2895 568 2957 lit
583 2897 703 2959 hercule
719 2907 749 2958 ut
764 2898 806 2959 illi
822 2907 939 2959 naturae
958 2898 1084 2960 coelesti
1099 2909 1180 2978 atquc
1214 2870 1229 2969 F

178 2981 331 3042 immortali
347 2984 537 3044 cesserimus:
555 2984 593 3042 ita
612 3000 698 3042 curae
716 2990 744 3042 ct
760 2983 925 3062 diligentiae
942 2984 990 3044 vel
1004 2983 1072 3043 ideo
1090 2986 1118 3044 in
1129 2985 1180 3043 lroc
1216 2974 1226 3061 i

178 3063 243 3142 plus
261 3075 321 3140 est,
345 3067 422 3144 quod
446 3069 473 3126 ei
488 3067 540 3127 luit
562 3068 653 3143 magis
672 3065 875 3146 laborandum,
902 3076 935 3148 et
955 3076 1090 3145 quantum
1117 3068 1180 3126 emi·
1218 3074 1223 3089 ·

135 3149 309 3221 ponentibus
334 3150 489 3226 vincimur,
518 3151 849 3229 fortasse-aequalitate
877 3169 1039 3229 pensamus.
1086 3150 1181 3212 Ceteri
1227 3191 1229 3228 ,

179 3249 279 3293 omnes
291 3233 380 3313 longe
392 3242 559 3314 sequentur.
587 3232 659 3294 Num
674 3232 797 3295 Macer
813 3244 842 3294 et
856 3233 1004 3295 Lucreti
1011 3253 1049 3294 us
1065 3233 1181 3312 legendi
1221 3230 1229 3296 l

168 3317 305 3395 squidem,
318 3316 370 3377 sed
382 3335 440 3378 non
451 3327 480 3378 ut
492 3318 620 3397 phrasin,
633 3316 660 3377 id
674 3329 728 3395 est,
747 3336 853 3398 corpus
867 3319 1048 3399 eloquentiae
1060 3318 1179 3384 faciant:

181 3398 332 3478 elegantes
348 3402 377 3462 in
391 3420 443 3464 sua
465 3405 587 3483 quisque
605 3404 724 3463 materia
746 3403 798 3463 scd
821 3403 895 3464 alter
909 3402 1020 3463 humilis
1038 3399 1113 3460 alter
1128 3399 1180 3460 dii·

180 3482 274 3544 iicilis.
309 3484 488 3547 Atacinus
509 3486 624 3546 Varro
638 3486 666 3546 iu
684 3487 734 3563 iis,
758 3497 814 3566 per·
834 3505 907 3566 quae
923 3503 1025 3546 nomen
1040 3491 1085 3544 est
1099 3500 1181 3543 asse·

62 3622 159 3640 47
