2446 3962
338 143 428 194 msr.
446 145 595 195 carmon.
612 146 681 194 mn.
697 148 735 214 v,
752 146 777 198 1.
999 134 1056 197 191

440 409 618 475 LIBER
645 410 688 476 V.

69 533 138 588 Libro
154 538 238 603 quinto
255 537 319 590 haec
332 541 504 592 continentur:
525 541 564 592 De
576 541 770 608 probationibus
785 540 999 596 inartificialibus.
1020 541 1059 594 De

96 607 265 671 praeiudiciis.
285 607 323 660 De
332 623 442 660 rumore.
459 609 497 660 De
506 612 648 662 tormentis.
669 610 821 662 Detabulis.
839 609 876 660 De
886 609 1058 666 iureiurando.

96 674 131 725 De
140 677 254 730 testibus.
285 679 323 729 De
336 679 485 744 probatione
504 679 640 733 artificiali.
672 680 815 746 Designis.
844 679 1057 746 Deargumeutia.

97 744 132 794 Da
148 745 281 813 exemplis.
322 746 360 798 Da
378 763 427 800 usu
449 757 662 815 argumentorum.
704 749 743 800 De
763 748 924 804 refutatione.
962 750 1059 809 Quibus

95 820 187 865 constet
201 815 367 882 epichirema.
407 818 438 868 Et
455 817 547 882 quibus
561 817 693 870 refellatur
706 817 800 871 modis.
838 817 876 868 De
892 833 942 870 usu
961 818 1060 884 epichi-

95 890 200 936 rematos
217 892 242 936 et
260 885 471 951 enthymematos.

234 1036 277 1086 DE
291 1036 553 1090 PROBATIONIBUS
569 1037 877 1093 INARTIFICIALIBUS.

139 1106 167 1198 P
174 1133 387 1195 rocemium.
424 1133 551 1197 Fuerunt
566 1145 596 1196 et
614 1136 686 1197 clari
703 1135 819 1215 quidem
833 1145 981 1213 auctores,
996 1136 1059 1216 qui-

62 1213 110 1278 bus
129 1217 222 1282 solum
239 1219 388 1279 videretur
404 1222 529 1280 oratoris
545 1219 672 1280 officium
687 1221 811 1289 docere;
832 1238 955 1300 namque
971 1228 1001 1280 et
1016 1219 1058 1279 ai·

62 1297 150 1364 iectus
170 1302 280 1383 duplici
300 1304 413 1363 ratione
442 1303 641 1365 excludendos
667 1303 820 1383 putabant,
849 1305 970 1383 primurn
992 1303 1059 1382 quia

60 1385 151 1448 vitium
166 1395 248 1450 esset
263 1388 353 1446 omnis
375 1389 458 1448 animi
473 1388 670 1468 perturbatio,
691 1387 796 1449 deinde
817 1389 884 1467 quia
903 1387 1059 1449 iudicema

61 1473 177 1533 veritate
193 1471 268 1551 pelli
283 1472 493 1549 misericordia,
510 1474 603 1551 gratia
614 1472 813 1553 similibusque
825 1490 883 1532 non
895 1478 1058 1551 oporteret,

63 1562 89 1613 at
102 1555 281 1636 voluptatem
296 1554 470 1618 audientium
481 1566 595 1636 petere,
613 1575 676 1617 cum
689 1557 823 1620 vincendi
841 1565 948 1617 tantum
964 1555 1059 1634 gratia

61 1635 216 1717 diceretur,
240 1654 299 1698 non
314 1640 400 1702 modo
416 1642 514 1719 agenti
532 1657 744 1720 supervacuum
759 1641 813 1702 sed
829 1642 880 1702 vix
895 1643 981 1702 etiam
994 1640 1057 1698 viro

61 1720 168 1800 dignum
188 1721 415 1794 arbitrabantur;
438 1725 538 1804 plures
553 1741 645 1800 vero,
668 1727 717 1802 qui
731 1743 788 1786 nco
806 1723 842 1785 ab
857 1725 915 1785 illis
929 1727 993 1784 siue
1008 1723 1087 1783 dus

59 1803 102 1866 bio
117 1808 248 1888 partibus
269 1809 410 1869 rationem
435 1806 535 1869 orandi
551 1818 781 1885 summoverent,
805 1807 863 1868 boc
878 1816 972 1868 tamen
992 1822 1059 1886 pro·

59 1891 145 1968 prium
160 1902 250 1972 atque
267 1895 455 1973 praecipuum
470 1891 625 1954 crederent
644 1908 735 1970 opus,
756 1909 808 1952 sua
829 1891 1000 1964 confirmare
1017 1897 1058 1965 et,

58 1991 128 2053 quae
144 1996 182 2038 ex
195 1978 323 2040 adverso
338 1986 582 2056 proponerentur,
598 1976 737 2037 refutare.
769 1975 985 2054 Utrumcunque
1002 1979 1087 2050 ast,3

8 2101 11 2140 ἶ
58 2058 262 2139 (nequeenim
283 2061 341 2121 hoo
356 2062 423 2121 loco
433 2079 532 2123 meam
548 2061 703 2141 interpono
719 2062 912 2142 sententiam)
932 2060 980 2121 bio
1004 2057 1060 2120 erit

55 2139 127 2204 iiber
145 2146 267 2209 illorum
284 2146 421 2223 opinione
441 2147 564 2207 maxime
583 2147 786 2222 necessarius,
815 2146 881 2223 quia
902 2153 964 2204 toto
986 2143 1061 2204 haec

56 2228 117 2289 sola
135 2238 312 2299 trumentum
330 2229 434 2308 quibus
450 2247 520 2291 sane
537 2238 566 2291 et
582 2249 632 2305 ea,
650 2229 777 2309 quaeue
793 2223 976 2288 iudicialibus
992 2242 1059 2287 carr·

55 2312 93 2372 sis
115 2314 170 2376 iam
191 2315 374 2390 dictasunt,
395 2315 534 2374 serviunt.
580 2314 653 2376 Nam
673 2331 769 2393 neque
795 2312 939 2392 prooemii
963 2316 1089 2390 nequet

54 2401 224 2461 narrationis
248 2406 295 2460 est
311 2397 384 2458 alius
398 2417 485 2475 usus,
508 2415 593 2477 quarn
609 2407 641 2458 ut
650 2398 774 2459 iudicem
787 2395 854 2458 huic
868 2403 1059 2476 praeparent;

56 2489 84 2541 et
102 2491 193 2544 status
217 2500 310 2544 nosse
329 2490 416 2560 atque
438 2499 488 2559 ea,
513 2481 675 2561 dequibus
699 2498 787 2561 supra
810 2482 997 2560 scripsimus,
1017 2479 1059 2537 in·

55 2567 140 2644 tueri,
162 2584 381 2648 supervacuum
400 2566 494 2643 foret,
518 2567 572 2626 nisi
592 2567 629 2626 atl
644 2566 718 2627 hano
735 2565 964 2645 perveniremus.
999 2560 1088 2622 lte-a

55 2649 137 2727 nique
156 2669 196 2713 ex
218 2653 364 2732 quinque,
388 2668 459 2729 quas
482 2649 625 2711 iudicialis
649 2651 788 2711 materiae
808 2650 946 2725 fecimus,
970 2647 1058 2727 parti·

53 2728 115 2812 bus,
133 2753 330 2815 quaecunque
346 2735 402 2796 alia
418 2744 518 2813 potest
531 2734 686 2814 aliquando
698 2733 865 2794 necessaria
881 2748 988 2794 causae
1002 2747 1060 2791 non

55 2833 137 2888 esse;
163 2821 200 2882 lis
222 2819 304 2881 nulia
324 2828 388 2895 est,
410 2821 456 2880 oui
475 2817 700 2898 probatione
724 2835 800 2896 opus
820 2832 879 2876 non
899 2815 946 2874 sit.
988 2813 1059 2876 liius

54 2913 213 2984 praecepta
229 2905 276 2964 sic
291 2905 399 2982 optime
413 2902 533 2963 divisuri
547 2901 688 2980 uidemur,
705 2909 737 2962 ut
747 2901 839 2982 prius,
856 2900 970 2980 quaein
982 2916 1059 2960 com·

53 3000 135 3046 mune
156 2987 193 3050 ad
221 3005 324 3048 omnes
342 2988 529 3066 quaestiones
544 2988 706 3066 pertinent,
723 2984 922 3054 ostendamus;
943 2983 1059 3058 deinde,

55 3083 127 3147 qma
141 3073 171 3133 iu
184 3089 306 3152 quoque
323 3088 429 3132 causae
445 3088 557 3149 genere
572 3069 693 3151 propria
706 3072 774 3148 sint,
790 3084 977 3147 exequamur.

135 3154 158 3215 Ι.
187 3155 236 3218 Ac
256 3158 347 3234 prima
367 3155 481 3236 quidem
498 3153 549 3216 ilia
573 3154 690 3234 partitio
715 3153 751 3214 ab
773 3150 935 3214 Aristotele
957 3147 1060 3210 tradita

56 3253 65 3295 t
117 3257 231 3300 tensum
245 3241 310 3300 fere
326 3239 450 3302 omnium
467 3241 581 3316 meruit,
597 3237 670 3301 alias
688 3255 757 3298 esse
770 3235 970 3318 probationes,
987 3250 1059 3311 quas

8 3347 9 3356 ¹
55 3339 65 3381 e
113 3342 135 3385 a
150 3323 272 3386 dicendi
285 3324 426 3387 rationem
435 3324 586 3404 acciperet
599 3330 714 3394 orator;
731 3322 814 3398 alias,
831 3336 902 3398 quas
919 3334 957 3377 ex
972 3333 1060 3417 cqusa

55 3411 65 3466 t
118 3417 182 3470 eret
198 3409 267 3488 ipse
283 3416 312 3469 et
333 3407 457 3487 quadarn
473 3407 559 3468 modo
574 3407 718 3486 gigneret.
748 3404 878 3482 Ideoque
893 3399 960 3462 illas
979 3396 1059 3482 uriq-
