2446 3962
350 170 439 220 msu.
454 169 603 217 onnuon.
616 169 684 216 crs.
698 169 753 234 111,
765 166 792 219 3.
1015 156 1074 218 109

77 328 128 389 huc
143 327 283 408 quaedam
297 343 390 404 vagae
413 334 441 384 et
463 325 526 386 sine
546 323 665 384 urbibus
686 341 721 384 ac
742 325 804 384 sine
826 324 941 402 legibus
957 335 1073 402 gentes,

79 421 209 472 ettamen
227 413 275 491 qui
291 419 356 470 sunt
374 411 402 469 in
417 409 462 469 his
478 411 536 468 noti
552 405 580 468 et
596 408 792 486 legationibus
810 409 964 486 iungantur
981 419 1009 470 et
1025 428 1072 470 ec-

79 505 172 640 lopstent
194 496 291 641 alpppp
314 503 401 573 atquc
423 492 578 553 defendant
597 501 626 552 et
647 494 772 571 denique
785 493 875 553 alium
897 493 954 555 olio
970 494 1073 554 melius

107 595 150 659 qur
168 599 218 640 cre
291 624 298 636 .

431 718 535 778 QUAE
553 718 712 773 PARTES.

153 813 202 876 111.
241 813 340 874 Omnis
363 824 459 874 autem
481 813 581 875 orandi
603 815 694 891 ratio,
714 823 745 874 ut
766 815 881 893 plurimi
901 817 1073 895 maximique

80 908 204 960 auctores
217 896 405 975 tradiderunt,
421 901 547 980 quinque
560 896 690 977 partibus
703 907 828 974 constet,
845 899 1073 976 inventione,

81 983 343 1062 dispositione,
373 983 613 1060 elocutione,
646 985 829 1060 memoria,
857 986 1073 1062 pronuntia·

80 1069 171 1126 tione
194 1069 258 1126 sive
281 1069 447 1144 actione,
471 1077 596 1148 utroque
621 1071 696 1128 enim
718 1069 804 1128 modo
826 1066 938 1127 dicitur.
975 1067 1073 1128 Omnis

80 1168 142 1210 nero
157 1167 270 1227 sermo,
293 1168 350 1230 quo
368 1153 484 1232 quidem
500 1153 637 1213 uoluntas
653 1152 750 1233 aliqua
767 1154 947 1228 enuntiatur,
969 1152 1074 1212 habeat

81 1253 194 1296 necesse
211 1244 256 1295 est
271 1253 333 1296 rem
353 1245 382 1296 et
403 1236 503 1298 verba.
537 1236 592 1296 llic
613 1239 638 1296 si
655 1245 701 1296 est
715 1235 813 1296 brevis
836 1244 865 1294 et
880 1253 935 1295 una
955 1237 1098 1296 conclu-t

81 1321 153 1379 sione
168 1319 281 1395 linitus,
297 1320 367 1380 nihil
385 1321 512 1381 fortasse
529 1321 604 1381 ultra
620 1319 781 1389 desideret;
803 1329 832 1382 at
848 1320 941 1380 oratio
958 1319 1073 1397 longior

82 1403 154 1481 plura
174 1405 274 1482 exigit.
320 1401 386 1464 Non
407 1415 514 1466 tantum
537 1407 612 1466 enim
633 1404 740 1480 reiert,
763 1405 830 1484 quid
854 1414 883 1465 et
906 1402 1072 1482 quomodo

82 1487 197 1548 dicamus
216 1490 270 1549 sed
293 1489 378 1549 etiam
400 1506 458 1568 quo
481 1490 567 1559 looo;
599 1505 673 1568 opus
697 1507 769 1567 ergo
797 1498 842 1550 est
871 1490 1071 1567 dispositione.

83 1571 132 1631 Sed
157 1589 251 1650 neque
280 1573 389 1650 omnio,
418 1592 567 1654 quaeres
595 1574 741 1653 postulat,
769 1575 868 1635 dicere
894 1590 990 1650 neque
1018 1588 1072 1632 suo

84 1673 203 1736 quaeque
230 1656 298 1716 loco
322 1660 498 1737 poterimus,
521 1661 575 1718 nisi
597 1658 749 1719 adiuvante
769 1660 921 1726 memoria;
946 1673 1072 1736 quapro-

87 1747 184 1816 pterea
200 1757 318 1820 quoque
338 1761 406 1821 pars
428 1751 528 1822 quarta
553 1745 618 1803 erit.
654 1743 763 1802 Verum
786 1743 860 1803 haec
883 1752 986 1803 cuncta
1006 1747 1095 1802 cor-3
1110 1755 1141 1772 ⁸·

84 1829 173 1904 rumpit
194 1843 230 1886 ac
248 1827 458 1905 propemodum
480 1827 575 1905 perdit
595 1827 734 1886 indecora
756 1827 804 1887 vel
824 1843 901 1887 voce
915 1825 964 1884 vel
986 1836 1071 1902 gestu

82 1911 274 1985 pronuntiatio.
313 1909 386 1970 lluic
402 1928 520 1990 quoque
541 1911 629 1988 igitur
650 1909 818 1971 tribuendus
841 1919 886 1970 est
903 1911 1072 1970 necessario
1166 1909 1169 1918 '

81 1994 183 2070 quintus
199 1991 294 2054 locus.

153 2077 216 2140 Nec
239 2079 372 2139 audiendi
396 2079 526 2158 quidam,
556 2097 676 2158 quorum
699 2087 745 2138 cst
770 2078 920 2154 Albutius,
946 2080 994 2156 qui
1020 2079 1097 2139 oisc

79 2163 154 2222 modo
177 2165 284 2242 primas
308 2181 375 2224 esse
397 2173 495 2242 partes
522 2164 640 2240 volunt,
668 2163 802 2242 quoniam
822 2164 960 2222 memoria
986 2169 1073 2240 atque

79 2248 147 2306 actio
169 2256 270 2308 natura
296 2263 354 2306 non
380 2257 443 2308 arte
465 2251 648 2325 contingant,
676 2248 811 2326 (quarum
835 2263 888 2305 nos
913 2253 1072 2324 praecepta

79 2347 125 2389 suo
147 2331 214 2392 loco
247 2329 393 2413 dabimus)
426 2333 496 2393 licet
522 2331 754 2408 Thrasymachus
783 2346 900 2410 quoquc
930 2329 1006 2390 idem
1036 2327 1074 2389 de

79 2413 184 2474 actione
206 2414 372 2476 crediderit.
410 2415 461 2478 llis
482 2417 651 2478 adiecerunt
677 2416 791 2495 quidam
813 2424 925 2475 sentam
948 2423 1096 2493 partem,5

79 2498 154 2559 itaut
168 2501 326 2560 inventioni
346 2500 518 2562 iudicium
534 2499 756 2578 subnecterem,
774 2502 840 2580 quia
856 2502 975 2579 primum
992 2508 1073 2558 essct

79 2582 197 2644 invenire
218 2583 323 2645 deinde
347 2585 485 2646 iudicare.
529 2585 595 2663 Ego
616 2602 705 2664 porro
727 2604 763 2645 ne
786 2585 932 2644 invenisse
959 2582 1073 2660 quidem

80 2668 159 2728 credo
176 2687 258 2745 eum,
283 2670 331 2748 qui
349 2685 406 2728 non
427 2671 577 2739 iudicavit3
598 2671 787 2748 nequeenim
809 2669 969 2743 contraria,
995 2685 1071 2727 com-

79 2754 177 2828 munia,
204 2752 292 2812 stulte
315 2755 469 2816 invenisse
488 2755 592 2816 dicitur
612 2756 763 2833 quisquam
785 2753 837 2813 scd
862 2772 922 2814 ooo
947 2753 1071 2814 citasse.

80 2831 112 2894 lit
126 2834 229 2898 dicero
250 2837 367 2917 quidem
383 2840 412 2900 in
427 2839 593 2900 Rhetoricis
608 2838 743 2900 iudicium
759 2837 883 2898 subiecit
898 2836 1096 2905 inuentioni;6

80 2918 137 2980 mihi
162 2931 257 2983 autem
283 2921 357 2982 adeo
386 2921 476 2983 tribus
500 2925 598 3001 primis
625 2923 754 3000 partibus
779 2923 894 2983 videtur
916 2938 983 2980 esse
1005 2939 1071 2999 per·

79 3003 203 3084 mixtum,
227 3005 307 3085 (nam
322 3023 419 3086 neque
439 3009 593 3086 dispositio
609 3008 671 3067 sine
694 3025 730 3066 eo
745 3025 841 3086 neque
863 3005 991 3066 elocutio
1009 3004 1071 3064 iue-

82 3085 126 3146 ritt
147 3099 176 3148 ut
197 3091 458 3169 pronuntiationem
475 3109 592 3171 quoque
613 3091 663 3151 vel
678 3092 830 3170 plurimum
846 3109 884 3150 ex
900 3107 935 3149 eo
951 3090 1073 3149 mutuari

81 3187 84 3245 t
120 3189 178 3232 tem.
214 3173 299 3248 Quod
318 3174 376 3234 hoc
399 3176 535 3236 audacius
559 3175 698 3251 dixerim,
722 3175 800 3254 quod
821 3178 850 3235 in
870 3171 1095 3235 Partitionibus?

82 3279 84 3298 ι
120 3259 206 3318 utoriis
228 3258 264 3318 ad
286 3258 421 3335 easdem,
444 3261 481 3320 de
502 3260 605 3340 quibus
623 3277 710 3338 supra
732 3259 839 3320 dictum
861 3268 922 3333 est,
945 3258 1071 3337 quinque

82 3353 84 3410 ἴ
120 3344 204 3401 rnenit
224 3351 333 3421 partes.
368 3339 440 3403 Nam
456 3363 520 3404 cum
541 3344 695 3423 dupliciter
716 3346 836 3422 primum
858 3341 1020 3415 divisisset,
1043 3341 1072 3398 in

128 3427 264 3486 cntionem
282 3435 369 3506 atque
386 3428 597 3489 elocutionem:
620 3445 669 3488 res
687 3445 721 3488 ac
737 3427 957 3507 dispositionem
972 3425 1072 3486 inven-
