2436 3956
324 233 760 304 msu.ounr0n.u1a.rx‚‘r.
1002 229 1044 289 at

40 391 121 452 modi
137 389 279 470 exemplis
296 390 381 468 plena
397 397 462 448 sunt
479 388 589 463 omnia,
613 389 666 449 sed
688 407 772 450 unum
792 392 904 452 interim
920 393 1042 456 suflicit:

40 473 207 554 Equidem,
224 473 305 554 quod
320 474 364 534 ad
378 491 425 533 me
440 474 556 550 attinet,
571 487 631 551 qua
645 493 693 535 me
703 483 831 551 vertam,
844 478 956 542 mesaia.
980 477 1043 541 Ne·

38 579 111 638 pem
122 559 221 637 [uisse
237 558 397 636 infamiam
407 556 516 618 ludicri
528 559 668 635 corrupti
683 566 713 616 et
734 566 842 618 cetera.
880 557 944 620 Hoc
960 564 1092 628 etlamua

13 721 19 732 ι
39 645 70 701 in
87 643 275 720 praeteritum
291 639 381 715 valet,
396 656 462 699 nam
478 649 507 699 et
525 639 673 702 dubitasse
689 656 742 700 nos
758 641 899 719 tingimus.

128 725 155 784 Α
180 742 238 805 quo
264 724 411 784 schemate
436 741 495 783 non
520 723 624 802 procul
651 723 735 785 abest
754 724 819 801 illa,
846 743 919 804 quae
941 727 1045 789 dicitur

40 810 353 884 communicatio,
381 824 445 867 curn
473 814 520 866 aut
546 809 629 886 ipsos
649 807 834 869 adversarios
856 811 1043 888 consulimus,

39 902 72 952 ut
89 890 232 954 Domitius
249 891 323 952 Aier
338 907 391 969 pro
407 889 570 952 Domitilla:
586 889 692 954 Nescit
707 892 845 971 trepida,
864 895 938 971 quid
953 897 1045 957 liceat

38 977 185 1054 samace,
201 977 277 1056 auid
291 977 449 1054 camiupem
463 975 592 1046 deceat·
609 977 691 1055 farte
710 993 765 1038 aas
784 977 816 1037 ia
830 976 887 1038 illa
901 979 1043 1041 sollieita-

40 1063 115 1122 diae
130 1062 233 1136 obuias
248 1077 341 1122 casae
357 1060 490 1120 miserae
505 1059 626 1122 mulieri
639 1060 762 1130 obtulit·
777 1068 825 1136 tu,
843 1061 961 1139 frater,
978 1081 1043 1138 aas,

38 1146 165 1224 paterui
183 1145 292 1221 amici,
317 1142 400 1222 qaod
421 1143 579 1204 consitium
608 1144 710 1205 datis?
738 1152 785 1203 aut
812 1162 875 1204 cum
901 1145 1085 1215 iudicibusm

41 1229 126 1308 quasi
138 1227 342 1305 deliberamus,
352 1225 429 1306 quod
442 1217 775 1304 estirequentissimum:
790 1224 873 1301 Quid
883 1230 1043 1290 suadetis?

41 1321 72 1372 et
95 1309 156 1374 Vas
174 1314 348 1390 iuterropo,
379 1310 456 1389 quid
481 1311 604 1371 taudem
631 1311 702 1388 fieri
723 1312 878 1388 oporteat?
899 1321 930 1372 ut
953 1309 1042 1373 Cato:

42 1394 145 1473 Cedo,
171 1398 200 1457 si
212 1413 267 1458 aas
282 1397 315 1456 ia
333 1413 369 1456 eo
384 1395 451 1456 loca
467 1397 589 1471 essetis,
612 1396 688 1472 quid
702 1394 790 1456 aliud
800 1394 974 1472 fecissetis?
1006 1395 1044 1455 Et

41 1478 127 1540 alibi:
156 1477 349 1542 Communem
368 1469 433 1541 rem
448 1479 502 1557 api
519 1485 655 1555 putatote
674 1497 713 1540 ac
734 1497 789 1540 aas
803 1479 875 1540 ltuic
889 1481 937 1540 rei
948 1498 1043 1558 prae-

39 1564 156 1643 positos
176 1583 254 1625 esse.
289 1561 348 1624 Sed
365 1579 567 1641 nonnunquam
584 1563 826 1622 communicantes
841 1561 949 1641 aliquid
963 1565 1086 1631 inex-22
1133 1622 1137 1636 ,

43 1655 190 1725 pectetum
211 1645 436 1724 subiungimus,
460 1645 538 1722 quod
560 1654 589 1705 et
610 1662 664 1724 per
686 1663 719 1705 se
742 1645 860 1707 schema
881 1655 940 1706 est:
962 1656 992 1706 ut
1014 1648 1043 1706 in

43 1730 164 1791 Verrem
181 1729 304 1807 Cicero,
321 1727 405 1804 Quid
419 1729 553 1790 amande?
574 1728 651 1807 quid
672 1731 820 1791 censetis?
842 1731 960 1808 furtum
976 1731 1043 1809 [or-

41 1822 126 1876 tasse
146 1823 199 1876 aut
211 1815 367 1894 praedam
388 1812 546 1891 aliquam?
570 1810 693 1889 Deinde,
706 1829 771 1872 cum
786 1812 833 1872 diu
844 1814 1044 1891 suspendisset

41 1896 167 1957 iudicum
184 1900 305 1974 animos,
322 1895 462 1972 subiecit,
483 1894 559 1974 quad
575 1895 664 1956 multo
683 1904 763 1955 esset
780 1895 948 1975 improbius.
982 1895 1045 1956 llac

41 1979 149 2042 Celsus
174 1981 492 2042 sustentationem
515 1988 611 2063 vocat,
651 1975 704 2038 Est
729 1987 823 2039 autem
839 1979 948 2058 duplex
957 2002 964 2048 ;
981 1994 1087 2048 namus

41 2073 144 2126 contra
160 2066 345 2145 frequenter,
374 2082 437 2127 cum
461 2063 696 2143 expectationem
718 2063 952 2140 gravissimorum
972 2062 1043 2122 ieci-

1 2165 2 2174 *
40 2167 123 2228 rnus,
142 2150 178 2214 ad
193 2151 317 2230 aliquid,
344 2149 422 2229 quod
439 2149 476 2208 sit
498 2148 564 2208 leve
587 2157 635 2208 aut
649 2145 730 2206 nullo
745 2147 832 2206 mado
850 2147 1043 2220 criminosum,

41 2236 254 2297 descendimus.
278 2235 337 2296 Sed
354 2234 421 2313 quia
432 2249 490 2292 non
502 2240 608 2292 tantum
619 2249 673 2310 per
685 2231 970 2290 communicationem
981 2230 1044 2289 lieri

40 2319 135 2380 solet:
151 2314 321 2401 παράδοξον
334 2317 383 2379 alii
398 2317 577 2376 nominarunt
592 2315 620 2375 id
638 2325 684 2375 est
698 2315 882 2394 inopinatum.
911 2311 973 2374 lllis
988 2326 1089 2380 nonae

41 2403 165 2481 accedo,
183 2407 232 2482 qui
248 2403 365 2463 schema
377 2419 444 2461 esse
459 2401 621 2460 existimant
637 2400 733 2475 etiam,
749 2400 773 2459 si
793 2397 956 2477 quidnobis
973 2397 1045 2476 ipsis

41 2487 171 2548 dicamus
196 2489 412 2565 inexpeatatum
429 2483 587 2545 accidisse:
610 2491 641 2542 ut
660 2481 771 2560 Pollio,
795 2480 960 2561 Numquam
976 2482 1045 2560 [ore

1 2601 2 2610 κ
41 2572 175 2648 credidi,
193 2573 323 2647 iudices,
338 2577 386 2647 ut,
409 2585 462 2630 rea
483 2566 622 2641 Scauro,
639 2587 678 2628 mc
699 2567 775 2645 quid
793 2567 825 2626 im
846 2566 912 2627 eius
930 2564 1046 2626 iudicia

39 2653 147 2735 pratia
162 2657 289 2732 caleret,
305 2671 466 2733 precarer.
506 2652 601 2711 Paene
617 2651 693 2710 idem
714 2649 779 2709 lons
796 2657 841 2709 est
854 2647 943 2724 illius,
961 2660 1089 2725 quernas

42 2740 334 2817 permissionem
356 2745 479 2812 vocant,
499 2737 548 2814 qui
570 2733 845 2810 communicationis,
867 2731 1046 2808 cumulique

41 2824 114 2901 ipsis
145 2821 286 2884 iudicibus
313 2819 500 2898 relinquimus
528 2817 703 2879 aestimanda
728 2816 825 2895 aliqua
846 2831 1046 2892 nonnunquam

43 2905 218 2966 adversariis
237 2921 369 2984 quoque:
386 2913 416 2964 ut
434 2901 540 2964 Calvus
556 2902 682 2980 Vatinia,
705 2899 848 2980 Perfrica
865 2900 997 2978 [reatem
1017 2905 1046 2961 et

43 2990 95 3051 dic
111 2998 139 3050 te
155 2990 335 3070 dipmiorem,
352 2989 404 3066 qui
417 2995 546 3066 praetor
559 2987 661 3064 fieres,
680 3002 770 3063 quam
788 2982 941 3056 Catonem,

128 3072 211 3147 Quae
246 3089 319 3133 vero
355 3080 422 3131 sunt
451 3069 590 3147 augendis
627 3067 778 3130 affectibus
811 3064 1090 3132 accommodataeaa

44 3157 169 3234 ligurae,
187 3163 321 3217 constant
334 3156 458 3215 maxime
482 3153 733 3213 simulatione.
769 3150 899 3229 Namque
916 3158 945 3208 et
960 3149 1046 3209 irasci

43 3257 97 3300 nos
120 3249 150 3301 et
164 3240 293 3318 gaudere
320 3249 349 3299 et
364 3241 466 3298 timere
491 3247 521 3297 et
542 3238 674 3297 admirari
696 3244 725 3295 et
744 3235 845 3296 dolere
862 3243 891 3294 et
905 3232 1047 3309 indignari

42 3332 71 3382 et
98 3332 375 3403 optare,fquacque
398 3329 463 3382 sunt
482 3321 584 3380 similia
605 3320 667 3396 his,
693 3319 833 3397 tingimus.
877 3315 960 3376 Unde
982 3323 1047 3375 sunt

42 3406 110 3467 illa:
132 3405 297 3470 liberatas
316 3425 401 3468 sam:
426 3406 600 3485 respiraai;
622 3413 651 3463 et
671 3401 755 3464 Beue
776 3404 883 3472 dubet·
905 3409 933 3458 et
961 3397 1048 3472 Quae

1 3519 3 3530 ν
44 3491 178 3552 amentia
193 3499 239 3552 est
253 3491 352 3552 isaeo?
387 3487 585 3569 Otempara,
609 3488 761 3550 amores!
781 3484 969 3625 otidis7erum
984 3481 1048 3544 mel

86 3595 117 3632 nr.
129 3595 154 3632 r.
168 3578 328 3642 aureuma.
