2470 3962
322 555 329 600 ;
409 523 695 590 LIBERXII.

45 656 125 707 Libro
146 655 298 706 duodecimo
316 654 380 705 haec
398 658 569 707 continentur:
595 657 765 708 Prooemium.
800 655 855 706 Non
876 671 953 722 posse
971 671 1057 710 orato-

81 739 137 778 rem
156 738 213 776 esse
231 725 281 774 nisi
298 724 381 773 virum
399 724 502 776 bouum.
536 725 720 792 cognoscenda
738 725 840 782 oratori,
859 725 950 787 quibus
970 741 1054 778 mores

83 793 236 843 formantur.
270 791 444 843 Necessarium
464 795 526 844 iuris
541 795 624 845 civilis
642 793 736 843 oratori
754 793 896 843 scientiam.
933 796 994 845 item
1013 795 1054 845 hi-

83 862 228 912 storiarum.
266 859 336 920 Quae
354 862 403 910 sint
419 863 480 912 artis
501 863 625 914 oratoriae
644 862 819 914 iustrumenta.
854 859 927 920 Quod
940 863 972 912 sit
991 864 1054 912 inci-

83 930 172 996 piendi
190 943 281 979 causas
299 945 376 994 agere
393 937 503 996 tempus.
541 929 610 989 Quae
624 931 650 981 in
669 930 839 995 suscipiendis
858 931 940 980 causis
960 933 1053 984 oratori

83 998 242 1050 observanda
260 998 318 1050 sint.
348 997 417 1056 Quae
435 1001 460 1048 in
480 1001 617 1052 discendis.
641 998 710 1057 Quae
724 1000 750 1049 in
768 998 885 1064 agendis.
912 999 948 1048 De
960 1015 1052 1066 genere

85 1068 196 1120 dicendi.
236 1064 305 1125 Quae
323 1074 381 1131 post
398 1066 474 1118 fluam
492 1069 587 1122 studia.

450 1203 648 1255 PROOEMIUM.

37 1311 175 1392 ,Ventum
197 1336 242 1387 est
264 1327 299 1388 ad
320 1337 432 1406 partem
456 1329 555 1408 operis
577 1328 710 1389 destinati
732 1328 820 1409 longe
842 1331 1053 1406 gravissimam.

51 1411 140 1473 Cuius
158 1411 292 1490 equidem
312 1428 383 1470 onus
400 1413 424 1472 si
446 1421 552 1472 tanturn
568 1414 704 1491 opinione
720 1415 810 1491 prima
827 1414 984 1490 concipere
1001 1431 1054 1492 po·

50 1497 189 1570 inissem,
207 1504 312 1573 quanto
328 1513 373 1555 me
390 1497 482 1572 premi
498 1496 596 1556 lerens
612 1499 722 1556 sentio:
739 1499 876 1556 maturius
893 1497 1055 1556 consuluis-

49 1597 115 1640 sem
132 1579 210 1658 viras
226 1596 315 1639 meas.
349 1579 407 1639 Sed
423 1582 503 1640 initio
524 1579 617 1660 pudor
633 1581 798 1656 omittendi,
821 1598 896 1659 quae
911 1583 1053 1658 promise-

51 1681 123 1739 ram,
140 1665 243 1730 tenuit:
263 1679 340 1739 mor,
358 1680 519 1742 quanquam
534 1683 587 1742 per
603 1664 840 1744 singulas-propo
856 1673 954 1743 partes
970 1664 1055 1724 labor
1108 1703 1111 1706 -

53 1754 219 1822 cresceret,
236 1764 273 1806 ne
290 1747 460 1824 perderem,
480 1765 554 1826 quae
569 1750 624 1806 iam
642 1748 747 1808 effecta
766 1757 861 1824 erant,
881 1765 934 1826 per
951 1765 1052 1808 omnes

5 1863 6 1866 ¹
50 1829 238 1894 dilllcultates
257 1831 349 1890 animo
365 1850 411 1891 me
427 1833 596 1890 sustentavi.
632 1830 728 1905 Quare
745 1848 820 1890 nunc
835 1848 968 1909 quoque,
986 1831 1081 1894 licett

52 1915 145 1974 maior
161 1931 245 1992 qnam
260 1917 383 1992 un'qnam
400 1915 492 1974 moles
508 1924 635 1992 premat,
654 1924 748 1974 tamen
763 1915 952 1992 prospicienti
969 1915 1054 1973 linem

52 1997 120 2058 milri
150 1999 333 2057 constitutum
358 2007 404 2058 est
422 1999 471 2058 vel
493 1999 623 2058 deficere
650 2001 744 2076 potius
773 2015 856 2076 quam
882 1997 1052 2076 desperare.

53 2081 173 2142 Felellit
188 2091 296 2157 antem,
313 2081 391 2160 quod
406 2083 513 2142 initium
532 2100 547 2142 a
563 2084 659 2161 parvis
676 2099 856 2160 ceperamus.
887 2080 957 2141 blox
974 2081 1054 2140 velot

52 2183 123 2226 aura
147 2164 321 2225 sollicitante
345 2168 478 2244 provecti
501 2165 631 2243 longius,
658 2165 723 2225 dum
748 2174 842 2228 tamen
863 2175 930 2224 nota
950 2164 1000 2224 illa
1026 2175 1054 2224 et

52 2249 205 2327 plerisque
227 2251 327 2309 artium
347 2249 538 2327 scriptoribus
561 2258 680 2316 tractata
702 2251 912 2327 praecipimus,
934 2266 989 2307 nec
1005 2249 1053 2308 ad·

53 2335 111 2392 buc
125 2349 142 2390 a
154 2330 238 2392 litore
252 2333 354 2410 procul
369 2333 538 2393 videbamur
555 2343 583 2393 et
595 2333 700 2393 multos
719 2335 796 2393 eirca
811 2332 891 2393 uelut
907 2333 1007 2391 iisdem
1019 2349 1053 2390 se

52 2417 150 2476 ventis
167 2416 290 2476 credere
305 2433 392 2476 ausos
410 2416 596 2478 habebamus.
630 2416 687 2477 lam
709 2435 772 2476 cum
794 2416 949 2495 eloquendi
966 2417 1083 2480 ratio-3

51 2518 120 2565 nem
140 2501 296 2567 nouissime
318 2495 464 2579 repertam
482 2501 721 2580 paucissimisque
745 2509 909 2578 temptatam
930 2501 1054 2576 ingressi

52 2601 169 2642 sumus:
195 2601 294 2660 rarus,
317 2587 364 2662 qui
380 2594 438 2645 taur
452 2585 556 2664 procul
573 2602 589 2643 a
605 2593 690 2663 portu
705 2585 897 2658 recessisset,
924 2585 1054 2660 reperie-

51 2668 149 2727 batur.
177 2666 331 2745 Postquam
346 2659 418 2728 vero
435 2668 518 2729 nobis
533 2663 594 2744 ille,
611 2685 696 2746 quem
711 2666 939 2741 instituebamns,
957 2675 1056 2725 orator

51 2770 69 2811 a
91 2749 206 2810 dicendi
226 2753 370 2828 magistris
393 2752 526 2812 dimissos
546 2761 593 2812 aut
606 2768 661 2810 sno
682 2753 737 2811 iam
752 2751 858 2829 impetu
877 2751 982 2825 fertur,
1007 2757 1055 2808 aut

52 2835 164 2894 maiora
188 2834 242 2895 sibi
268 2834 372 2896 auxilia
396 2853 434 2896 ex
459 2836 530 2914 ipsis
556 2836 715 2913 sapientiae
742 2833 939 2914 penetralibus
966 2833 1054 2911 petit:

51 2934 140 2998 quam
157 2919 186 2977 iu
203 2918 289 2979 altum
304 2920 391 2979 simus
408 2919 507 2996 ablati,
524 2921 632 2979 sentire
651 2920 810 2996 coepimus.
841 2915 924 2977 Nunc
942 2918 1084 2986 cosletot

51 3002 190 3080 undique
211 3011 240 3063 et
262 3005 538 3084 undique-pontus.
573 3003 665 3064 Unum
688 3002 773 3062 modo
797 3001 897 3062 inille
919 3003 1055 3061 immensa

51 3087 188 3146 vastitate
206 3103 328 3146 cernere
342 3087 472 3147 videmur
486 3085 523 3148 Μ.
543 3085 676 3162 Tullium,
694 3088 741 3164 qui
758 3096 852 3145 tamen
867 3087 940 3164 ipse,
958 3103 1054 3163 quam·

51 3171 99 3228 vis
111 3177 188 3244 tanta
202 3179 288 3247 atque
303 3172 341 3231 ita
357 3172 495 3232 instructa
511 3189 585 3231 nave
600 3171 657 3230 hoc
671 3189 748 3230 mare
765 3172 924 3246 ingressus,
942 3178 1054 3228 contra-

51 3252 95 3312 hit
110 3251 177 3312 vela
192 3253 359 3332 inhibetque
377 3272 473 3314 remos
489 3265 518 3315 et
536 3255 573 3316 de
591 3255 655 3331 ipso
674 3254 786 3314 demum
802 3271 912 3329 genere
929 3252 1053 3326 dicendi,

52 3352 113 3414 qno
132 3337 168 3394 sit
185 3354 288 3396 usurus
308 3337 459 3417 perlectus
475 3348 589 3415 orator,
614 3339 683 3396 satis
701 3336 789 3396 babet
807 3337 916 3396 dicere.
948 3334 986 3394 At
1003 3350 1054 3391 no-

51 3431 113 3480 stra
134 3421 280 3480 temeritas
305 3424 390 3482 etiam
412 3439 509 3482 mores
535 3424 562 3482 ai
581 3420 731 3482 conabitur
753 3420 822 3480 dare
847 3428 875 3478 et
897 3414 1056 3495 assignabit
