2446 3962
335 185 776 282 msu.oarron.n1e.11,1o.
1017 205 1054 267 91

56 381 84 432 et
99 377 282 444 enumerant,
307 370 355 446 qui
377 369 543 447 perniciosa
557 386 615 429 nou
636 371 757 448 siugulis
774 381 881 432 tantum
901 371 954 432 sed
969 373 1057 432 rebus

57 458 139 515 ctiam
166 453 292 533 publicis
321 454 366 512 usi
394 453 561 532 eloquentia
582 454 760 514 turbaverint
788 458 944 517 civitatium
965 467 1056 517 status

57 539 102 600 rel
117 539 291 606 everterint3
312 554 409 616 coque
422 547 451 596 et
462 535 756 598 Lacedaemoniorum
772 542 888 600 civitate
906 541 1058 619 expulsam

57 633 84 682 et
104 622 226 684 Athenis
254 639 389 702 quoque,
415 620 464 681 ubi
488 631 570 680 actor
595 640 715 683 movere
740 624 863 684 allectus
892 625 1055 702 vetabatur,

56 707 133 768 uelut
147 710 272 768 recisam
287 705 387 766 orandi
402 714 587 784 potestatem.

137 791 202 865 Quo
216 788 331 869 quidem
342 790 430 850 modo
442 808 497 849 nec
509 791 600 850 duces
613 800 696 851 erunt
709 792 796 850 utiles
808 811 864 852 nec
874 795 1082 868 magistratus5

58 895 109 936 nec
121 877 265 937 medicina
279 893 335 934 uec
351 875 476 952 denique
492 875 554 952 ipsa
570 877 721 952 sapientia.
753 875 825 935 Nam
841 885 871 935 et
884 877 942 936 dux
953 877 1057 938 Flami·

58 964 116 1020 aius
131 970 161 1019 et
178 959 317 1034 Gracchi,
342 959 504 1034 Saturnini,
521 958 658 1018 Glauciae
672 977 796 1036 gessere
811 961 1011 1037 magistratus,
1029 971 1059 1020 et

57 1046 83 1104 iu
95 1045 214 1105 medicis
229 1060 343 1102 venena
358 1051 387 1101 et
401 1044 430 1101 iu
444 1042 506 1117 bis,
529 1044 577 1121 qui
598 1043 839 1122 pbilosophorum
855 1046 968 1104 nomine
983 1046 1058 1106 male

58 1138 184 1204 utuntur,
211 1127 382 1204 gravissima
409 1143 609 1206 nonnunquam
637 1127 745 1204 flagitia
771 1129 956 1206 deprehensa
981 1139 1055 1189 suut.

58 1211 143 1272 Cibus
159 1227 362 1289 aspernemur;
380 1210 535 1271 attulerunt
549 1229 641 1289 saepe
656 1211 830 1271 valetudinis
845 1230 957 1272 causas.
980 1213 1084 1274 Nun-6

59 1315 138 1374 quam
160 1304 239 1354 tecta
261 1295 429 1362 subeamus;
452 1301 542 1372 super
562 1295 725 1356 habitantes
747 1295 902 1374 aliquando
924 1313 1058 1373 procum·

58 1379 132 1458 bunt.
170 1379 235 1438 Nou
255 1378 415 1438 fabricetur
430 1379 511 1437 militi
531 1377 659 1455 gladius;
682 1387 781 1457 potest
795 1381 836 1439 uti
858 1380 962 1439 eodem
977 1381 1058 1440 ferro

59 1463 138 1524 latro.
177 1461 249 1536 Quis
265 1465 375 1538 nescit,
395 1464 496 1540 ignes,
517 1480 624 1541 aquas,
644 1457 826 1541 siue'quibus
841 1464 921 1524 nulla
936 1465 973 1523 sit
987 1467 1057 1541 vita,

57 1558 85 1606 et
106 1550 157 1626 (ne
180 1549 304 1606 terrenis
322 1547 473 1624 immorer)
496 1547 590 1606 solem
610 1547 781 1625 lunamque,
800 1549 958 1626 praecipua
981 1549 1058 1608 side·

10 1693 12 1710 ,
60 1651 131 1709 rum,
151 1631 308 1708 aliquando
326 1638 355 1688 et
370 1627 501 1689 uocare?

10 1711 12 1794 ξ
137 1714 212 1774 Νιιιιι
234 1716 323 1792 igitur
344 1713 498 1791 negabitur
519 1715 679 1774 deformem
704 1714 806 1789 Pyrrhi
827 1730 930 1793 pacem
954 1721 1083 1775 caucasi

10 1799 14 1830 ³'
62 1798 107 1858 ille
125 1800 240 1878 Appius
266 1798 381 1858 dicendi
406 1798 515 1857 viribus
542 1795 715 1857 diremisse?
743 1807 791 1857 aut
816 1815 874 1858 nou
899 1799 994 1858 divina
1019 1799 1057 1858 Μ.

62 1883 141 1943 Tullii
163 1883 333 1958 eloquentia
356 1891 386 1942 et
408 1891 509 1941 contra
529 1881 614 1959 leges
637 1884 766 1957 agrarias
788 1883 939 1959 popularis
959 1883 1012 1940 luit
1030 1892 1059 1941 et

60 1965 198 2027 Catilinae
225 1966 314 2043 fregit
339 1967 487 2026 audaciam
514 1973 543 2024 et
569 1965 817 2043 supplicationes,
846 1966 894 2042 qui
920 1968 1058 2025 maximus

58 2051 148 2112 lronor
162 2050 324 2110 victoribus
339 2050 420 2110 bello
438 2049 559 2110 ducibus
575 2050 668 2124 datur,
684 2051 713 2108 in
727 2059 797 2126 toga
810 2045 935 2108 meruit?
958 2049 1085 2112 Nonne8

60 2137 230 2215 perterritos
245 2134 365 2193 militum
380 2137 490 2195 animos
512 2133 683 2212 frequenter
702 2151 719 2193 a
735 2143 813 2192 metu
828 2141 950 2193 revocat
966 2136 1059 2194 oratio

58 2229 87 2279 et
110 2229 154 2280 tot
179 2218 325 2298 pugnandi
349 2218 480 2296 pericula
505 2218 668 2278 ineuntibus
693 2217 808 2276 laudem
832 2220 891 2276 vita
915 2219 1060 2295 potiorem

58 2322 123 2363 csse
139 2299 320 2382 persuadet?
356 2301 460 2380 Neque
475 2319 548 2362 vero
566 2320 612 2361 me
626 2300 848 2360 Lacedaemonii
865 2308 952 2379 atque
969 2300 1059 2360 Athe·

59 2389 172 2448 nieuses
187 2388 281 2464 magis
298 2387 441 2446 moverint
457 2403 542 2465 quam
556 2385 682 2464 populus
695 2383 858 2460 Romanus,
881 2385 957 2463 apud
975 2403 1060 2463 quern

60 2489 163 2532 summa
178 2488 297 2550 semper
312 2471 476 2531 oratoribus
491 2470 615 2550 dignitas
631 2469 693 2529 luit.
724 2467 866 2546 Equidem
881 2487 936 2528 nec
951 2469 1086 2530 urbium9

64 2557 229 2616 conditores
251 2569 321 2614 reor
341 2553 426 2614 aliter
442 2553 601 2614 effecturos
622 2554 731 2629 fuisse,
754 2561 784 2612 ut
803 2571 879 2630 vaga
896 2552 947 2612 illa
967 2553 1059 2612 multi-

61 2640 124 2699 tudo
141 2641 238 2700 coiret
252 2639 281 2698 iu
296 2638 438 2716 populos,
455 2640 509 2698 nisi
524 2639 610 2698 docta
625 2655 700 2697 voce
717 2645 874 2705 commota;
890 2655 946 2695 nec
962 2636 1061 2714 legum

63 2733 227 2802 repertores
249 2725 311 2782 sine
328 2739 435 2782 summa
455 2725 485 2782 vi
505 2722 604 2782 orandi
626 2730 819 2797 consecutos,
841 2729 872 2779 ut
888 2739 921 2780 se
936 2722 992 2798 ipsi
1007 2722 1058 2780 bo·

10 2785 13 2904 l
62 2809 147 2868 mines
160 2807 197 2868 ad
213 2808 383 2866 servitutem
398 2808 468 2866 iuris
483 2807 686 2884 astringerent.
714 2804 790 2878 Quin
803 2807 867 2882 ipsa
882 2807 960 2864 vitae
976 2814 1104 2881 prae-10

10 2909 14 3000 q
64 2899 161 2970 cepta,
184 2893 297 2950 etiamsi
317 2899 417 2950 natura
438 2899 504 2950 suut
523 2890 663 2966 honesta,
685 2889 751 2968 plus
768 2897 863 2947 tamen
884 2887 919 2947 ad
936 2887 1060 2946 forman·

10 3005 14 3082 q
64 2975 110 3036 das
130 2984 243 3035 meutes
265 2974 380 3052 valent,
404 2976 538 3052 quotiens
560 2974 802 3053 pulchritudinem
817 2990 920 3031 rerum
945 2972 1061 3032 claritas

10 3083 11 3114 1
64 3061 199 3120 orationis
221 3058 370 3121 illuminat.
409 3057 523 3134 Quare,
546 3059 658 3118 etiamsi
677 3059 706 3116 in
721 3065 871 3134 utramque
885 3065 998 3133 partem
1012 3073 1062 3114 va·

10 3139 14 3238 l
65 3143 119 3202 lna
133 3161 212 3286 quma
227 3143 390 3287 iacquipe,
408 3159 466 3202 non
484 3152 529 3202 est
544 3151 638 3202 tamen
653 3159 776 3219 aequum
789 3138 817 3200 id
832 3138 933 3200 haberi
946 3138 1061 3213 malum,

65 3247 70 3285 ι
154 3245 210 3286 ene
227 3236 268 3286 uti
280 3273 281 3278 ι
295 3245 362 3286 rce.

141 3311 252 3368 Verum
265 3309 340 3368 baec
355 3311 430 3388 apud
446 3326 498 3369 eos
514 3310 636 3370 lorsitan
654 3317 843 3386 quaerantur,
866 3324 913 3385 qur
929 3310 1104 3364 summamll

10 3359 12 3468 l
65 3412 70 3452 ι
110 3395 225 3453 uarices
241 3393 276 3454 a'd
292 3393 486 3470 persuadendi
502 3395 558 3452 vim
579 3391 749 3452 retulerunt.
785 3392 816 3450 Si
836 3406 908 3448 vero
928 3397 973 3446 est
987 3387 1064 3446 bene

65 3495 70 3535 ι
110 3475 173 3538 endi
196 3477 334 3553 scientia,
362 3491 449 3554 quern
468 3493 522 3536 nos
550 3477 635 3536 finem
659 3476 822 3554 sequimur,
850 3481 881 3530 ut
904 3473 941 3530 sit
966 3479 1066 3531 orator
