2494 3952
183 273 241 338 118
501 287 862 347 M.FAB.QUINT1L1AM

180 459 239 522 qua
259 443 403 519 eoepistr'r
424 444 573 521 epredere
586 443 751 522 aliquanda
769 460 809 503 ea
829 443 921 520 urle,
941 451 1047 522 putent
1061 456 1175 526 portae,

137 524 387 604 diprollm'saere.
424 523 461 584 Et
476 527 503 585 in
516 525 636 586 eundem
648 525 704 584 alio
721 524 810 585 libro:
829 523 926 603 Abiit,
943 532 1093 602 arcessit,
1109 551 1175 591 eru-

177 611 243 689 pit,
261 610 366 671 eoaed.
407 607 471 669 1100
487 606 616 670 Caecilio
631 599 811 686 πλεονασμὸς
822 608 954 684 videtur,
971 611 1076 688 idest,
1093 613 1175 673 abun·

180 693 250 752 dans
269 709 358 772 super
376 694 581 753 necessitatem
601 694 709 752 oratio:
736 695 810 752 sieut
830 692 880 752 ille
898 689 969 753 Vtut
984 696 1090 757 oeulos
1110 706 1177 760 ante

179 779 351 855 ipremeae.
394 776 426 837 In
447 776 498 837 illo
520 777 593 836 enim
608 777 673 838 eidi
691 778 765 836 inest
782 778 857 854 lpse.
898 775 1005 836 Verum
1020 779 1064 853 id,
1080 780 1177 840 utalia

181 877 297 940 quoque
320 860 388 921 loeo
411 860 485 935 dixi,
509 878 572 920 oum
593 877 774 938 superruens
787 869 923 920 oneratur
940 860 1119 940 adiectione,
1139 866 1178 923 ri·

179 947 330 1012 domest:
365 961 428 1004 eum
450 952 537 1021 auget
563 951 610 1004 eut
635 943 797 1004 manifestat
823 944 993 1004 sententiam
1019 946 1094 1005 siout
1123 945 1177 1023 hio,

179 1029 279 1087 virtus.
329 1024 416 1102 Vidi,
446 1028 530 1104 ipre,
563 1034 634 1088 ante
659 1028 778 1105 oeulos,
810 1027 929 1087 totidem
954 1036 1019 1087 sunt
1048 1029 1178 1090 effeetus.

138 1108 238 1170 eiCur
264 1119 359 1170 tumen
385 1109 459 1171 haee
486 1112 604 1188 proprie
632 1111 746 1171 nomine
770 1109 820 1171 tali
849 1111 969 1187 notarit,
1000 1129 1058 1171 non
1084 1113 1178 1173 video.

180 1192 252 1253 Nam
270 1203 298 1253 et
317 1191 473 1271 'geminatio
490 1202 519 1253 et
533 1195 668 1273 repetitio
689 1203 719 1254 et
734 1193 942 1272 qualiscunque
958 1193 1082 1256 adiectio
1100 1201 1179 1256 πλεν

180 1269 290 1354 νασμός
309 1277 401 1337 videri
419 1286 526 1356 potest.
571 1277 634 1338 Nee
654 1277 744 1338 verbu
764 1276 849 1338 modo
871 1278 923 1338 sed
943 1296 1047 1339 sensus
1065 1298 1180 1360 quoque

179 1359 255 1420 idem
283 1360 423 1420 iacientes
452 1370 638 1424 enerventur:
681 1360 873 1423 Perturbalio
899 1364 989 1423 istum
1020 1365 1129 1424 meritis
1155 1372 1181 1426 et

180 1443 332 1523 quaedam
348 1446 497 1505 scelerum
516 1445 615 1528 offusa
630 1445 729 1524 ealipo
750 1452 777 1508 el
799 1447 945 1508 ardentes
960 1445 1117 1525 surdarum
1133 1449 1152 1526 f
1167 1481 1180 1492 -

181 1544 233 1588 aer
254 1529 436 1588 exaltarunt.
1225 1525 1227 1538 ⁴

138 1613 173 1668 48
266 1608 468 1687 Congerantur
484 1613 513 1670 e't
530 1611 693 1672 diverse:
716 1609 844 1689 Mulier,
859 1614 982 1692 tyranni
997 1631 1095 1674 saeua
1112 1635 1181 1676 aru-

181 1694 308 1768 delitar,
322 1697 423 1771 patris
441 1713 543 1772 amor,
565 1697 615 1756 r'ra
634 1713 804 1774 praeceps,
825 1697 995 1773 temeritas,
1019 1699 1182 1759 dementia.

180 1775 217 1836 Et
233 1777 307 1854 opud
324 1775 470 1838 Ovidium:

223 1858 288 1922 Sed
304 1881 401 1940 prave
420 1859 586 1924 Nereidum
600 1883 727 1937 numen,
748 1863 805 1923 sed
824 1864 964 1944 cornipes·
982 1862 1122 1940 Ammon,
1224 1837 1227 1956 l

222 1941 287 2005 Sed
303 1962 382 2024 quae
402 1947 571 2008 uisceribus
590 1947 729 2008 deruebat
750 1945 849 2008 bellua
869 1948 964 2025 ponti,
1225 1967 1226 1970 ¹

222 2025 446 2090 llaeoturauda
462 2031 537 2090 mele
550 2065 591 2075 —

138 2109 294 2187 49lnreni,
321 2114 369 2190 qui
395 2121 424 2172 et
447 2112 504 2173 hoo
527 2105 641 2192 πλοκὴν
666 2121 801 2173 vooeret:
834 2109 954 2186 Quaero
978 2116 1018 2176 ab
1042 2115 1183 2190 inimicis,

180 2198 278 2258 sintne
291 2196 367 2256 leaeo
382 2197 579 2276 lueestlpata,
595 2204 766 2274 comperta,
781 2197 958 2275 patefacta,
973 2198 1115 2274 sublata,
1135 2200 1183 2258 de·

180 2281 257 2356 leta,
282 2279 416 2341 eatlueta
433 2297 492 2357 per
510 2283 578 2342 me?
606 2281 651 2340 oui
676 2296 733 2340 non
753 2281 912 2357 assentior,
938 2298 1001 2341 oum
1023 2282 1080 2340 sint
1102 2282 1183 2340 unius

181 2363 291 2440 figurae
316 2371 345 2422 et
365 2364 471 2423 mixtae
490 2381 604 2444 quoque
621 2373 650 2424 et
670 2364 745 2425 idem
771 2371 800 2423 et
821 2363 964 2424 diversum
980 2365 1183 2440 significantia,
1225 2385 1226 2411 t

181 2445 258 2523 quod
278 2454 308 2504 et
327 2448 420 2524 ipsum
444 2439 605 2526 διαλλαγὴν
625 2456 741 2508 vocent.
785 2446 990 2526 lueertipata,
1016 2455 1183 2525 comperta,

179 2529 338 2607 patefacta
362 2529 438 2590 aliud
464 2531 630 2600 ostendunt;
659 2531 795 2607 reblata,
819 2532 934 2607 deleta,
957 2533 1094 2592 extincta
1120 2536 1183 2590 sunt

139 2613 254 2671 50inter
267 2630 300 2671 ee
316 2612 418 2673 similia
433 2613 485 2673 sed
501 2631 557 2674 non
570 2617 655 2675 etiam
669 2614 822 2694 prioribus.
851 2612 889 2673 Et
900 2615 957 2674 hoo
973 2626 1069 2674 eutem
1086 2631 1183 2673 exem·
1224 2611 1225 2618 ’

181 2696 258 2774 plum
277 2705 306 2756 et
323 2700 457 2775 superius
476 2697 559 2758 aliem
575 2715 691 2778 quoque
707 2697 834 2759 efficiunt
850 2697 988 2776 figurem,
1006 2715 1099 2777 quoe,
1119 2696 1185 2775 quie
1223 2763 1225 2782 ⁴

182 2780 430 2840 coniunctionibus
462 2789 559 2858 earet,
593 2782 801 2843 dissolutio
831 2791 968 2848 uocatum
1006 2790 1092 2859 epta,
1122 2795 1185 2839 eum
1224 2793 1225 2806 ¹

182 2863 248 2940 quid
269 2865 417 2924 instantius
433 2864 565 2933 dicimus3
589 2884 653 2926 num
674 2875 702 2926 et
718 2864 831 2942 singula
848 2865 1027 2924 inculcentur
1051 2873 1081 2923 et
1104 2860 1185 2942 quasi

180 2946 263 3024 plura
280 2947 358 3008 liunt.
404 2946 534 3027 Ideoque
549 2949 652 3009 utimur
669 2950 723 3012 heo
738 2949 830 3026 figure
845 2965 903 3008 non
917 2950 945 3007 in
960 2946 1083 3024 singulis
1098 2943 1183 3005 modo

180 3028 345 3092 verbis-sed
361 3034 509 3091 sententiis
525 3035 626 3109 etiem,
649 3042 680 3093 ut
695 3032 800 3093 Gioero
817 3031 886 3092 dicit
902 3040 1002 3092 eontra
1018 3033 1184 3091 contionem

180 3112 306 3174 Metelli:
339 3113 398 3188 Qui
411 3116 646 3194 indicabantur,
668 3117 861 3190 audomari,
885 3116 1048 3192 custodiri,
1071 3113 1117 3175 ad
1137 3129 1183 3172 se·

180 3205 283 3258 matrem
299 3200 415 3259 adduci
425 3201 519 3271 lusoir
533 3202 565 3261 lu
577 3208 686 3262 senatu
699 3207 769 3262 suut
781 3201 890 3279 poeltr',
907 3207 935 3260 et
949 3207 1027 3259 totus
1039 3198 1088 3260 hie
1101 3198 1184 3257 loeus

180 3279 245 3340 telis
268 3290 321 3341 est.
364 3280 427 3342 Hoe
450 3301 541 3360 genus
557 3283 753 3366 βραχυλογίαν
767 3293 888 3360 vocent,
911 3301 985 3362 quoe
1001 3291 1101 3361 potest
1117 3295 1184 3339 esse

182 3365 316 3442 copulata
338 3365 500 3429 dissolutio.
548 3367 728 3428 Contrarium
751 3369 779 3428 id
795 3377 841 3428 est
855 3365 1093 3445 scheme,·quod
1116 3379 1183 3423 eon·

73 3503 76 3508 ,
139 3453 172 3507 51
181 3448 372 3508 iniectionibus
388 3449 520 3511 abundet.
558 3450 632 3512 Illud
647 3444 822 3529 ἀσύνδετον,
840 3451 896 3512 hoo
913 3447 1133 3513 nolemludrtov
1145 3444 1185 3505 di·

183 3530 264 3589 eitun.
305 3530 369 3592 Hae
386 3543 431 3593 est
447 3535 496 3596 vel
512 3533 613 3595 iisdem
628 3538 744 3616 saepius
760 3537 907 3615 repetitis:
929 3545 960 3596 nt
