2508 3958
424 673 603 740 LIBER
631 675 709 742 VH.

51 849 137 900 Libro
162 847 271 912 septimo
292 845 355 896 haec
377 845 548 895 continentur:
571 846 609 896 De
630 847 808 911 dispositione.
851 848 889 899 De
911 852 1063 903 coniectura.

92 917 131 972 De
148 915 261 964 finitione
310 914 348 964 De
363 912 489 978 qualitate.
535 914 572 964 De
589 914 728 964 iuridiciali
748 915 877 978 qualitate.
915 917 1064 986 Descripta

69 993 120 1034 ,οι
135 983 274 1034 voluntate.
310 981 347 1032 ile
362 981 461 1047 legibus
481 984 623 1036 contrariis.
658 983 694 1034 De
712 983 872 1049 syllogismo.
904 987 940 1038 tte
958 989 1065 1054 Amphi-

91 1052 173 1104 balia.
205 1053 242 1102 Dc
257 1051 444 1116 praedictorum
462 1059 572 1101 statuum
590 1053 748 1117 cognatione.
777 1052 814 1102 De
831 1055 857 1104 vi
873 1055 1063 1120 dispositionis.

416 1190 459 1240 bn
477 1189 710 1244 DISPOSlTlONb‘.

146 1275 318 1365 Prooemi
327 1316 387 1357 nm.
421 1299 465 1359 lle
478 1301 654 1376 inventione,
671 1311 702 1360 nt
717 1299 853 1375 arbitror,
874 1303 944 1362 satis
959 1305 1064 1364 dictum

51 1394 116 1444 est.
151 1384 255 1458 Neque
271 1384 344 1441 enim
365 1399 400 1441 ea
421 1383 551 1460 demum,
574 1402 648 1462 qaae
672 1385 707 1445 ad
729 1385 890 1445 docendum
908 1387 1063 1465 pertinent,

53 1469 178 1526 executi
211 1481 305 1522 sumus
331 1481 431 1523 verum
458 1468 543 1525 etiam
567 1477 661 1526 motus
686 1471 842 1529 animorum
869 1471 1061 1530 tractavimus.

53 1549 119 1610 Sed
134 1558 165 1609 nt
181 1563 271 1624 opera
287 1547 484 1606 extruentibns
503 1551 573 1608 satis
588 1567 645 1609 non
661 1559 717 1626 est,
733 1568 803 1610 saxa
816 1561 902 1628 atque
917 1557 1063 1614 materiam

55 1642 87 1693 et
112 1641 211 1692 cetera
233 1629 394 1690 aedificanti
422 1631 503 1690 utilia
526 1649 705 1709 congerere,
735 1635 789 1692 nisi
812 1634 999 1712 disponendis
1021 1639 1063 1696 eis

59 1713 300 1790 collocandisque
322 1713 471 1772 artilloium
498 1733 597 1774 manns
621 1716 805 1776 adhibeatur:
829 1718 871 1776 sic
891 1720 918 1776 in
940 1719 1062 1780 dicendo

58 1798 219 1874 quamlibet
233 1794 380 1856 abundans
396 1801 595 1876 rerumoopia
611 1799 752 1858 cumulum
773 1808 880 1859 tantum
902 1801 1006 1860 habeat
1023 1813 1062 1862 at·

54 1899 117 1959 qne
133 1889 319 1957 congestum,
340 1881 393 1938 nisi
409 1881 474 1940 illas
490 1881 589 1940 eadem
614 1882 816 1958 dispositio
834 1884 860 1941 in
878 1883 1005 1943 ordinem
1023 1886 1062 1943 di·

15 1969 16 2010 ἶ
52 1974 159 2042 gestas
183 1973 269 2040 atque
289 1964 363 2021 inter
387 1981 419 2020 se
441 1964 608 2021 commissas
626 1964 796 2022 devinxerit.
836 1963 901 2024 Neo
921 1967 1093 2034 immeritor

52 2047 188 2108 secanda
204 2047 330 2121 quinque
345 2046 466 2122 partium
482 2047 577 2122 posita
593 2055 654 2122 est,
679 2064 742 2106 cnm
762 2048 825 2106 sine
841 2065 876 2107 ea
891 2049 971 2126 prior
992 2051 1060 2110 nibil

50 2129 165 2190 valeat.
197 2126 301 2203 Neque
317 2129 391 2186 enim
406 2144 566 2206 quanquam
582 2130 653 2188 lusis
670 2130 800 2190 omnibns
817 2132 951 2191 membris
968 2143 1060 2193 statua

50 2215 102 2287 sit,
121 2212 177 2270 nisi
194 2210 367 2286 collocetur,
385 2219 414 2270 ct
425 2212 449 2269 si
460 2229 543 2289 quam
555 2214 583 2271 in
595 2213 766 2289 corporibus
782 2217 889 2274 nostris
902 2215 1062 2286 aliorumve

53 2294 222 2356 animalium
234 2303 344 2372 partem
360 2302 506 2372 permutes
525 2304 554 2354 et
568 2298 736 2371 transieras,
754 2295 824 2355 licet
840 2297 945 2357 habeat
961 2297 1065 2359 eadem

52 2379 163 2452 omnia,
183 2377 346 2456 prodigium
362 2379 398 2436 sit
416 2386 520 2436 tamen.
551 2377 588 2438 Et
600 2388 678 2439 artus
695 2382 779 2440 etiam
791 2381 896 2441 leviter
912 2383 980 2442 loeo
993 2386 1062 2442 moti
1106 2427 1110 2434 ,

51 2461 198 2542 perdunt,
223 2477 280 2540 quo
297 2462 466 2538 viguerunt,
490 2479 587 2536 nsum,
611 2473 640 2522 et
655 2461 759 2523 turbati
775 2467 922 2525 exercitus
937 2465 991 2526 sibi
1006 2469 1060 2545 ipsi

16 2543 17 2548 ’
50 2554 121 2606 sunt
136 2543 353 2622 impedimento.
393 2543 456 2603 Neo
472 2543 538 2604 milri
553 2545 686 2607 videntur
707 2565 822 2623 errare,
845 2550 893 2625 qni
908 2549 999 2626 ipsam
1015 2565 1092 2618 res

49 2647 115 2690 ram
131 2637 264 2688 naturam
283 2636 361 2687 stare
377 2626 479 2687 ordine
497 2637 612 2706 putant,
635 2647 692 2710 quo
715 2631 837 2691 confuso
856 2613 1061 2710 peritura'sint

48 2714 161 2774 omnia.
203 2711 252 2770 Sic
283 2711 375 2770 oratio
397 2728 499 2770 carens
521 2710 577 2771 hac
599 2714 704 2773 virtute
730 2714 917 2774 tumultuetur
936 2733 1061 2776 necesse

48 2805 146 2856 estet
164 2796 229 2853 sine
243 2803 359 2854 rectore
375 2793 467 2853 tinitet
484 2812 539 2853 nco
555 2795 712 2857 cohaereat
731 2797 804 2874 sibi,
830 2799 918 2859 multa
935 2809 1060 2877 repetat,

16 2925 18 2960 ,
46 2879 141 2941 malta
158 2885 297 2952 transeat,
313 2877 393 2938 velut
408 2887 494 2937 nocte
511 2879 539 2936 in
558 2880 664 2956 ignotis
678 2880 752 2940 locis
769 2899 885 2958 errans,
911 2900 966 2942 nec
980 2885 1060 2944 initio

16 2971 18 3012 t
46 2981 107 3024 nec
124 2963 184 3022 line
200 2963 353 3039 proposito
370 2977 467 3019 casum
485 2962 581 3038 potins
597 2980 680 3040 quam
696 2965 846 3025 eonsilium
863 2975 1010 3043 sequatur.

16 3031 20 3140 l
139 3043 329 3122 Quapropter
344 3052 420 3103 totus
434 3043 481 3103 irio
494 3043 568 3104 liber
578 3048 686 3106 serviat
703 3048 967 3126 dispositioni,
986 3065 1089 3128 quael
1191 3068 1200 3077 “

47 3129 182 3207 quidem,
200 3129 224 3185 ei
241 3136 320 3186 certa
335 3127 431 3204 aliqua
445 3127 492 3186 via
508 3127 581 3188 tradi
593 3131 620 3189 in
631 3146 730 3190 omnes
745 3133 880 3191 materias
896 3133 956 3193 ullo
973 3135 1058 3192 modo

17 3287 18 3290 Ἴ
47 3219 169 3290 posset,
188 3226 246 3270 non
262 3219 318 3270 tam
334 3211 434 3288 paucis
451 3211 633 3287 contigisset.
667 3214 725 3274 Sed
744 3232 808 3275 cnm
826 3216 951 3275 inlicitae
968 3215 1059 3275 litium

17 3313 18 3356 ι
47 3295 166 3354 lormae
185 3294 291 3353 inerint
306 3294 478 3372 futuraeque
495 3294 567 3370 sint,
590 3307 619 3356 et
640 3306 683 3356 tot
698 3297 825 3372 saeculis
842 3299 921 3358 nulla
941 3309 1058 3376 reperta

49 3380 89 3438 sit
106 3395 215 3452 cansa,
232 3394 305 3454 quae
322 3386 401 3437 esset
416 3385 477 3437 tota
493 3376 577 3438 alteri
592 3380 708 3456 similis,
734 3383 828 3458 sapiat
844 3390 961 3459 oportet
977 3392 1059 3442 actor
1098 3437 1105 3442 .

52 3469 84 3518 et
97 3460 204 3538 vigilet
221 3470 250 3519 et
265 3462 389 3521 inveniat
415 3469 444 3520 ct
460 3461 567 3523 iudicet
587 3473 616 3524 et
638 3464 788 3525 consilium
804 3484 820 3525 a
836 3483 869 3524 se
885 3466 950 3542 ipso
966 3475 1057 3543 petat.

95 3564 126 3601 a.
147 3565 171 3602 r.
195 3563 309 3612 parurn.
326 3549 359 3603 11.
874 3548 885 3606 1
