<?xml version="1.0" encoding="UTF-8"?>
<!DOCTYPE html PUBLIC "-//W3C//DTD XHTML 1.0 Transitional//EN"
    "http://www.w3.org/TR/xhtml1/DTD/xhtml1-transitional.dtd">
<html xmlns="http://www.w3.org/1999/xhtml" xml:lang="en" lang="en">
 <head>
  <title>
</title>
<meta http-equiv="Content-Type" content="text/html;charset=utf-8" />
  <meta name='ocr-system' content='tesseract 3.04.00' />
  <meta name='ocr-capabilities' content='ocr_page ocr_carea ocr_par ocr_line ocrx_word'/>
</head>
<body>
  <div class='ocr_page' id='page_1' title='image "./mfabiiquintilia04quingoog_0301.png"; bbox 0 0 2436 3956; ppageno 0'>
   <div class='ocr_carea' id='block_1_1' title="bbox 175 156 846 223">
    <p class='ocr_par' dir='ltr' id='par_1_1' title="bbox 175 156 846 223">
     <span class='ocr_line' id='line_1_1' title="bbox 175 156 846 223; baseline -0.006 -9"><span class='ocrx_word' id='word_1_1' title='bbox 175 156 213 214; x_wconf 85' lang='grc'><strong>14</strong></span> <span class='ocrx_word' id='word_1_2' title='bbox 485 164 846 223; x_wconf 81' lang='lat' dir='ltr'><strong>n.rnu.ou1nr1n1nn1</strong></span> 
     </span>
    </p>
   </div>
   <div class='ocr_carea' id='block_1_2' title="bbox 89 316 1216 3382">
    <p class='ocr_par' dir='ltr' id='par_1_2' title="bbox 127 316 1192 2137">
     <span class='ocr_line' id='line_1_2' title="bbox 130 316 1190 396; baseline -0.004 -14"><span class='ocrx_word' id='word_1_3' title='bbox 130 328 162 382; x_wconf 86' lang='lat' dir='ltr'><strong>to</strong></span> <span class='ocrx_word' id='word_1_4' title='bbox 172 319 314 380; x_wconf 87' lang='lat' dir='ltr'><strong>convertit</strong></span> <span class='ocrx_word' id='word_1_5' title='bbox 327 317 403 377; x_wconf 91' lang='lat' dir='ltr'><strong>bunc</strong></span> <span class='ocrx_word' id='word_1_6' title='bbox 419 317 557 376; x_wconf 83' lang='lat' dir='ltr'><strong>ordinem.</strong></span> <span class='ocrx_word' id='word_1_7' title='bbox 588 316 734 377; x_wconf 80' lang='lat' dir='ltr'><strong>Defensor</strong></span> <span class='ocrx_word' id='word_1_8' title='bbox 749 325 843 376; x_wconf 82' lang='lat' dir='ltr'><strong>antem</strong></span> <span class='ocrx_word' id='word_1_9' title='bbox 860 335 976 395; x_wconf 84' lang='lat' dir='ltr'><strong>semper</strong></span> <span class='ocrx_word' id='word_1_10' title='bbox 989 319 1070 396; x_wconf 91' lang='lat' dir='ltr'><strong>prius</strong></span> <span class='ocrx_word' id='word_1_11' title='bbox 1088 337 1190 396; x_wconf 82' lang='lat' dir='ltr'><strong>nega-</strong></span> 
     </span>
     <span class='ocr_line' id='line_1_3' title="bbox 171 400 1191 480; baseline -0.001 -19"><span class='ocrx_word' id='word_1_12' title='bbox 171 402 211 461; x_wconf 89' lang='lat' dir='ltr'><strong>bit</strong></span> <span class='ocrx_word' id='word_1_13' title='bbox 234 419 301 459; x_wconf 86' lang='lat' dir='ltr'><strong>esse</strong></span> <span class='ocrx_word' id='word_1_14' title='bbox 325 401 449 476; x_wconf 91' lang='lat' dir='ltr'><strong>factum,</strong></span> <span class='ocrx_word' id='word_1_15' title='bbox 475 401 559 478; x_wconf 84' lang='lat' dir='ltr'><strong>quia,</strong></span> <span class='ocrx_word' id='word_1_16' title='bbox 583 401 607 458; x_wconf 90' lang='lat' dir='ltr'><strong>si</strong></span> <span class='ocrx_word' id='word_1_17' title='bbox 629 402 657 459; x_wconf 93' lang='lat' dir='ltr'><strong>in</strong></span> <span class='ocrx_word' id='word_1_18' title='bbox 674 400 729 459; x_wconf 89' lang='lat' dir='ltr'><strong>hac</strong></span> <span class='ocrx_word' id='word_1_19' title='bbox 745 409 826 478; x_wconf 90' lang='lat' dir='ltr'><strong>parte</strong></span> <span class='ocrx_word' id='word_1_20' title='bbox 843 400 962 475; x_wconf 89' lang='lat' dir='ltr'><strong>vicerit,</strong></span> <span class='ocrx_word' id='word_1_21' title='bbox 984 401 1102 480; x_wconf 85' lang='lat' dir='ltr'><strong>reliqua</strong></span> <span class='ocrx_word' id='word_1_22' title='bbox 1122 419 1191 460; x_wconf 80' lang='lat' dir='ltr'><strong>non</strong></span> 
     </span>
     <span class='ocr_line' id='line_1_4' title="bbox 170 483 1191 562; baseline 0.001 -19"><span class='ocrx_word' id='word_1_23' title='bbox 170 502 295 544; x_wconf 87' lang='lat' dir='ltr'><strong>necesse</strong></span> <span class='ocrx_word' id='word_1_24' title='bbox 306 483 394 544; x_wconf 90' lang='lat' dir='ltr'><strong>babet</strong></span> <span class='ocrx_word' id='word_1_25' title='bbox 410 484 523 549; x_wconf 89' lang='lat' dir='ltr'><strong>dicere;</strong></span> <span class='ocrx_word' id='word_1_26' title='bbox 540 484 618 542; x_wconf 88' lang='lat' dir='ltr'><strong>victo</strong></span> <span class='ocrx_word' id='word_1_27' title='bbox 630 492 781 561; x_wconf 76' lang='lat' dir='ltr'><strong>superest,</strong></span> <span class='ocrx_word' id='word_1_28' title='bbox 795 493 824 541; x_wconf 91' lang='lat' dir='ltr'><strong>ut</strong></span> <span class='ocrx_word' id='word_1_29' title='bbox 840 485 913 542; x_wconf 90' lang='lat' dir='ltr'><strong>tueri</strong></span> <span class='ocrx_word' id='word_1_30' title='bbox 929 501 962 542; x_wconf 93' lang='lat' dir='ltr'><strong>se</strong></span> <span class='ocrx_word' id='word_1_31' title='bbox 978 487 1085 562; x_wconf 90' lang='lat' dir='ltr'><strong>possit.</strong></span> <span class='ocrx_word' id='word_1_32' title='bbox 1115 485 1191 544; x_wconf 74' lang='lat' dir='ltr'><strong>nno</strong></span> 
     </span>
     <span class='ocr_line' id='line_1_5' title="bbox 172 566 1191 646; baseline -0.001 -19"><span class='ocrx_word' id='word_1_33' title='bbox 172 574 306 645; x_wconf 88' lang='lat' dir='ltr'><strong>quoque,</strong></span> <span class='ocrx_word' id='word_1_34' title='bbox 327 566 376 626; x_wconf 88' lang='lat' dir='ltr'><strong>ubi</strong></span> <span class='ocrx_word' id='word_1_35' title='bbox 400 567 437 626; x_wconf 90' lang='lat' dir='ltr'><strong>de</strong></span> <span class='ocrx_word' id='word_1_36' title='bbox 456 566 535 626; x_wconf 85' lang='lat' dir='ltr'><strong>facto</strong></span> <span class='ocrx_word' id='word_1_37' title='bbox 551 576 657 626; x_wconf 87' lang='lat' dir='ltr'><strong>tantum</strong></span> <span class='ocrx_word' id='word_1_38' title='bbox 675 567 874 626; x_wconf 86' lang='lat' dir='ltr'><strong>controversia</strong></span> <span class='ocrx_word' id='word_1_39' title='bbox 891 575 951 642; x_wconf 86' lang='lat' dir='ltr'><strong>est,</strong></span> <span class='ocrx_word' id='word_1_40' title='bbox 971 567 1092 644; x_wconf 90' lang='lat' dir='ltr'><strong>quodsi</strong></span> <span class='ocrx_word' id='word_1_41' title='bbox 1112 585 1191 646; x_wconf 87' lang='lat' dir='ltr'><strong>pro·</strong></span> 
     </span>
     <span class='ocr_line' id='line_1_6' title="bbox 170 649 1190 728; baseline 0 -18"><span class='ocrx_word' id='word_1_42' title='bbox 170 649 269 726; x_wconf 90' lang='lat' dir='ltr'><strong>betur,</strong></span> <span class='ocrx_word' id='word_1_43' title='bbox 296 667 354 709; x_wconf 93' lang='lat' dir='ltr'><strong>non</strong></span> <span class='ocrx_word' id='word_1_44' title='bbox 377 651 470 728; x_wconf 88' lang='lat' dir='ltr'><strong>possit</strong></span> <span class='ocrx_word' id='word_1_45' title='bbox 492 650 529 710; x_wconf 95' lang='lat' dir='ltr'><strong>de</strong></span> <span class='ocrx_word' id='word_1_46' title='bbox 552 659 672 709; x_wconf 86' lang='lat' dir='ltr'><strong>auctore</strong></span> <span class='ocrx_word' id='word_1_47' title='bbox 692 649 831 723; x_wconf 86' lang='lat' dir='ltr'><strong>dubitari,</strong></span> <span class='ocrx_word' id='word_1_48' title='bbox 854 649 985 708; x_wconf 88' lang='lat' dir='ltr'><strong>similiter</strong></span> <span class='ocrx_word' id='word_1_49' title='bbox 1004 661 1190 724; x_wconf 82' lang='lat' dir='ltr'><strong>argumenta</strong></span> 
     </span>
     <span class='ocr_line' id='line_1_7' title="bbox 170 725 1188 812; baseline 0 -20"><span class='ocrx_word' id='word_1_50' title='bbox 170 743 199 793; x_wconf 90' lang='lat' dir='ltr'><strong>et</strong></span> <span class='ocrx_word' id='word_1_51' title='bbox 217 751 254 792; x_wconf 87' lang='lat' dir='ltr'><strong>ex</strong></span> <span class='ocrx_word' id='word_1_52' title='bbox 269 725 395 812; x_wconf 75' lang='lat' dir='ltr'><strong>per&#39;sona</strong></span> <span class='ocrx_word' id='word_1_53' title='bbox 414 742 443 793; x_wconf 91' lang='lat' dir='ltr'><strong>et</strong></span> <span class='ocrx_word' id='word_1_54' title='bbox 459 751 496 792; x_wconf 87' lang='lat' dir='ltr'><strong>cx</strong></span> <span class='ocrx_word' id='word_1_55' title='bbox 511 751 543 791; x_wconf 91' lang='lat' dir='ltr'><strong>re</strong></span> <span class='ocrx_word' id='word_1_56' title='bbox 561 732 723 806; x_wconf 82' lang='lat' dir='ltr'><strong>ducuntur,¹</strong></span> <span class='ocrx_word' id='word_1_57' title='bbox 733 733 786 790; x_wconf 90' lang='lat' dir='ltr'><strong>sed</strong></span> <span class='ocrx_word' id='word_1_58' title='bbox 802 733 830 789; x_wconf 93' lang='lat' dir='ltr'><strong>in</strong></span> <span class='ocrx_word' id='word_1_59' title='bbox 841 750 924 793; x_wconf 87' lang='lat' dir='ltr'><strong>unam</strong></span> <span class='ocrx_word' id='word_1_60' title='bbox 940 733 1008 791; x_wconf 88' lang='lat' dir='ltr'><strong>facti</strong></span> <span class='ocrx_word' id='word_1_61' title='bbox 1025 735 1188 811; x_wconf 85' lang='lat' dir='ltr'><strong>quaestio·</strong></span> 
     </span>
     <span class='ocr_line' id='line_1_8' title="bbox 127 815 1188 893; baseline -0.002 -15"><span class='ocrx_word' id='word_1_62' title='bbox 127 823 159 878; x_wconf 85' lang='grc'><strong>17</strong></span> <span class='ocrx_word' id='word_1_63' title='bbox 168 835 250 893; x_wconf 89' lang='lat' dir='ltr'><strong>nem,</strong></span> <span class='ocrx_word' id='word_1_64' title='bbox 264 818 338 876; x_wconf 90' lang='lat' dir='ltr'><strong>sicut</strong></span> <span class='ocrx_word' id='word_1_65' title='bbox 350 818 377 875; x_wconf 95' lang='lat' dir='ltr'><strong>in</strong></span> <span class='ocrx_word' id='word_1_66' title='bbox 389 815 438 875; x_wconf 86' lang='lat' dir='ltr'><strong>ilia</strong></span> <span class='ocrx_word' id='word_1_67' title='bbox 447 817 659 876; x_wconf 86' lang='lat' dir='ltr'><strong>controversia:</strong></span> <span class='ocrx_word' id='word_1_68' title='bbox 675 815 825 892; x_wconf 89' lang='lat' dir='ltr'><strong>(utendum</strong></span> <span class='ocrx_word' id='word_1_69' title='bbox 838 825 883 874; x_wconf 89' lang='lat' dir='ltr'><strong>est</strong></span> <span class='ocrx_word' id='word_1_70' title='bbox 893 815 967 874; x_wconf 91' lang='lat' dir='ltr'><strong>enim</strong></span> <span class='ocrx_word' id='word_1_71' title='bbox 980 815 1066 874; x_wconf 90' lang='lat' dir='ltr'><strong>ethis</strong></span> <span class='ocrx_word' id='word_1_72' title='bbox 1079 835 1188 876; x_wconf 86' lang='lat' dir='ltr'><strong>exem·</strong></span> 
     </span>
     <span class='ocr_line' id='line_1_9' title="bbox 168 897 1184 978; baseline 0.002 -18"><span class='ocrx_word' id='word_1_73' title='bbox 168 900 242 977; x_wconf 88' lang='lat' dir='ltr'><strong>plis,</strong></span> <span class='ocrx_word' id='word_1_74' title='bbox 265 907 420 978; x_wconf 84' lang='lat' dir='ltr'><strong>quaesunt</strong></span> <span class='ocrx_word' id='word_1_75' title='bbox 438 897 615 958; x_wconf 79' lang='lat' dir='ltr'><strong>discentibus</strong></span> <span class='ocrx_word' id='word_1_76' title='bbox 631 899 722 974; x_wconf 84' lang='lat' dir='ltr'><strong>magis</strong></span> <span class='ocrx_word' id='word_1_77' title='bbox 739 898 904 977; x_wconf 88' lang='lat' dir='ltr'><strong>familiaria)</strong></span> <span class='ocrx_word' id='word_1_78' title='bbox 922 897 1099 959; x_wconf 77' lang='lat' dir='ltr'><strong>Abdicatus</strong></span> <span class='ocrx_word' id='word_1_79' title='bbox 1115 919 1184 962; x_wconf 87' lang='lat' dir='ltr'><strong>me-</strong></span> 
     </span>
     <span class='ocr_line' id='line_1_10' title="bbox 169 979 1183 1060; baseline 0 -18"><span class='ocrx_word' id='word_1_80' title='bbox 169 985 293 1042; x_wconf 80' lang='lat' dir='ltr'><strong>dicinae</strong></span> <span class='ocrx_word' id='word_1_81' title='bbox 311 983 435 1042; x_wconf 75' lang='lat' dir='ltr'><strong>studuit.</strong></span> <span class='ocrx_word' id='word_1_82' title='bbox 476 979 550 1040; x_wconf 83' lang='lat' dir='ltr'><strong>Com</strong></span> <span class='ocrx_word' id='word_1_83' title='bbox 565 990 657 1058; x_wconf 85' lang='lat' dir='ltr'><strong>pater</strong></span> <span class='ocrx_word' id='word_1_84' title='bbox 677 982 743 1043; x_wconf 81' lang='lat' dir='ltr'><strong>eius</strong></span> <span class='ocrx_word' id='word_1_85' title='bbox 764 990 957 1060; x_wconf 82' lang='lat' dir='ltr'><strong>aeprotoret,</strong></span> <span class='ocrx_word' id='word_1_86' title='bbox 979 983 1183 1060; x_wconf 80' lang='lat' dir='ltr'><strong>desperanti-</strong></span> 
     </span>
     <span class='ocr_line' id='line_1_11' title="bbox 168 1064 1183 1141; baseline 0 -15"><span class='ocrx_word' id='word_1_87' title='bbox 168 1067 225 1126; x_wconf 81' lang='lat' dir='ltr'><strong>bus</strong></span> <span class='ocrx_word' id='word_1_88' title='bbox 241 1065 280 1124; x_wconf 87' lang='lat' dir='ltr'><strong>dc</strong></span> <span class='ocrx_word' id='word_1_89' title='bbox 300 1083 335 1125; x_wconf 90' lang='lat' dir='ltr'><strong>eo</strong></span> <span class='ocrx_word' id='word_1_90' title='bbox 354 1065 465 1124; x_wconf 77' lang='lat' dir='ltr'><strong>ceteris</strong></span> <span class='ocrx_word' id='word_1_91' title='bbox 479 1065 623 1141; x_wconf 78' lang='lat' dir='ltr'><strong>medicis,</strong></span> <span class='ocrx_word' id='word_1_92' title='bbox 646 1064 817 1138; x_wconf 74' lang='lat' dir='ltr'><strong>adbibitus,</strong></span> <span class='ocrx_word' id='word_1_93' title='bbox 837 1073 1018 1126; x_wconf 76' lang='lat' dir='ltr'><em>sanaturum</em></span> <span class='ocrx_word' id='word_1_94' title='bbox 1034 1086 1070 1124; x_wconf 78' lang='lat' dir='ltr'><strong>se</strong></span> <span class='ocrx_word' id='word_1_95' title='bbox 1087 1069 1183 1141; x_wconf 76' lang='lat' dir='ltr'><strong>dixit,</strong></span> 
     </span>
     <span class='ocr_line' id='line_1_12' title="bbox 168 1145 1183 1226; baseline 0.002 -18"><span class='ocrx_word' id='word_1_96' title='bbox 168 1150 196 1208; x_wconf 80' lang='lat' dir='ltr'><strong>si</strong></span> <span class='ocrx_word' id='word_1_97' title='bbox 209 1149 237 1207; x_wconf 82' lang='lat' dir='ltr'><strong>t&#39;c</strong></span> <span class='ocrx_word' id='word_1_98' title='bbox 247 1149 400 1225; x_wconf 80' lang='lat' dir='ltr'><strong>potionem</strong></span> <span class='ocrx_word' id='word_1_99' title='bbox 415 1167 435 1208; x_wconf 90' lang='lat' dir='ltr'><strong>a</strong></span> <span class='ocrx_word' id='word_1_100' title='bbox 450 1167 484 1209; x_wconf 82' lang='lat' dir='ltr'><strong>se</strong></span> <span class='ocrx_word' id='word_1_101' title='bbox 500 1148 605 1208; x_wconf 86' lang='lat' dir='ltr'><strong>datam</strong></span> <span class='ocrx_word' id='word_1_102' title='bbox 621 1147 753 1208; x_wconf 74' lang='lat' dir='ltr'><strong>bibisset.</strong></span> <span class='ocrx_word' id='word_1_103' title='bbox 788 1145 899 1225; x_wconf 83' lang='lat' dir='ltr'><strong>Pater,</strong></span> <span class='ocrx_word' id='word_1_104' title='bbox 914 1158 1065 1226; x_wconf 85' lang='lat' dir='ltr'><strong>acceptae</strong></span> <span class='ocrx_word' id='word_1_105' title='bbox 1082 1153 1183 1226; x_wconf 85' lang='lat' dir='ltr'><strong>potio·</strong></span> 
     </span>
     <span class='ocr_line' id='line_1_13' title="bbox 167 1231 1186 1310; baseline 0.002 -18"><span class='ocrx_word' id='word_1_106' title='bbox 167 1233 216 1292; x_wconf 77' lang='lat' dir='ltr'><strong>nte</strong></span> <span class='ocrx_word' id='word_1_107' title='bbox 243 1239 332 1309; x_wconf 85' lang='lat' dir='ltr'><strong>epoto</strong></span> <span class='ocrx_word' id='word_1_108' title='bbox 352 1241 459 1309; x_wconf 84' lang='lat' dir='ltr'><strong>porte,</strong></span> <span class='ocrx_word' id='word_1_109' title='bbox 483 1233 579 1306; x_wconf 76' lang='lat' dir='ltr'><strong>dicit,</strong></span> <span class='ocrx_word' id='word_1_110' title='bbox 596 1249 741 1292; x_wconf 77' lang='lat' dir='ltr'><strong>terrenum</strong></span> <span class='ocrx_word' id='word_1_111' title='bbox 756 1232 815 1292; x_wconf 81' lang='lat' dir='ltr'><strong>sibi</strong></span> <span class='ocrx_word' id='word_1_112' title='bbox 831 1233 954 1301; x_wconf 67' lang='lat' dir='ltr'><strong>datum</strong></span> <span class='ocrx_word' id='word_1_113' title='bbox 974 1231 1074 1306; x_wconf 67' lang='lat' dir='ltr'><strong>fflfrtr,</strong></span> <span class='ocrx_word' id='word_1_114' title='bbox 1095 1235 1186 1310; x_wconf 82' lang='lat' dir='ltr'><strong>qood</strong></span> 
     </span>
     <span class='ocr_line' id='line_1_14' title="bbox 168 1314 1181 1390; baseline 0.001 -18"><span class='ocrx_word' id='word_1_115' title='bbox 168 1315 317 1390; x_wconf 83' lang='lat' dir='ltr'><strong>reliquum</strong></span> <span class='ocrx_word' id='word_1_116' title='bbox 329 1325 413 1389; x_wconf 83' lang='lat' dir='ltr'><strong>erat,</strong></span> <span class='ocrx_word' id='word_1_117' title='bbox 427 1314 583 1386; x_wconf 79' lang='lat' dir='ltr'><strong>ecbourit,</strong></span> <span class='ocrx_word' id='word_1_118' title='bbox 598 1323 690 1390; x_wconf 85' lang='lat' dir='ltr'><strong>pater</strong></span> <span class='ocrx_word' id='word_1_119' title='bbox 701 1315 841 1389; x_wconf 74' lang='lat' dir='ltr'><strong>decessit,</strong></span> <span class='ocrx_word' id='word_1_120' title='bbox 857 1316 908 1375; x_wconf 70' lang='lat' dir='ltr'><strong>itte</strong></span> <span class='ocrx_word' id='word_1_121' title='bbox 916 1315 1088 1390; x_wconf 80' lang='lat' dir='ltr'><strong>parricidii</strong></span> <span class='ocrx_word' id='word_1_122' title='bbox 1104 1335 1181 1375; x_wconf 75' lang='lat' dir='ltr'><strong>reue</strong></span> 
     </span>
     <span class='ocr_line' id='line_1_15' title="bbox 127 1395 1179 1475; baseline 0.001 -20"><span class='ocrx_word' id='word_1_123' title='bbox 127 1401 160 1455; x_wconf 86' lang='lat'><strong>18</strong></span> <span class='ocrx_word' id='word_1_124' title='bbox 170 1405 223 1457; x_wconf 80' lang='lat' dir='ltr'><strong>ert.</strong></span> <span class='ocrx_word' id='word_1_125' title='bbox 247 1395 444 1468; x_wconf 76' lang='lat' dir='ltr'><strong>Manifestum,</strong></span> <span class='ocrx_word' id='word_1_126' title='bbox 461 1398 524 1473; x_wconf 88' lang='lat' dir='ltr'><strong>quis</strong></span> <span class='ocrx_word' id='word_1_127' title='bbox 540 1399 688 1472; x_wconf 89' lang='lat' dir='ltr'><strong>potionem</strong></span> <span class='ocrx_word' id='word_1_128' title='bbox 704 1395 831 1470; x_wconf 89' lang='lat' dir='ltr'><strong>dederit,</strong></span> <span class='ocrx_word' id='word_1_129' title='bbox 850 1415 924 1475; x_wconf 86' lang='lat' dir='ltr'><strong>quae</strong></span> <span class='ocrx_word' id='word_1_130' title='bbox 942 1398 966 1454; x_wconf 85' lang='lat' dir='ltr'><strong>si</strong></span> <span class='ocrx_word' id='word_1_131' title='bbox 981 1400 1089 1456; x_wconf 88' lang='lat' dir='ltr'><strong>veneni</strong></span> <span class='ocrx_word' id='word_1_132' title='bbox 1109 1399 1179 1458; x_wconf 89' lang='lat' dir='ltr'><strong>fuit:</strong></span> 
     </span>
     <span class='ocr_line' id='line_1_16' title="bbox 169 1477 1180 1556; baseline 0 -17"><span class='ocrx_word' id='word_1_133' title='bbox 169 1478 247 1539; x_wconf 85' lang='lat' dir='ltr'><strong>nulla</strong></span> <span class='ocrx_word' id='word_1_134' title='bbox 272 1479 403 1555; x_wconf 78' lang='lat' dir='ltr'><strong>quaestio</strong></span> <span class='ocrx_word' id='word_1_135' title='bbox 429 1477 465 1537; x_wconf 88' lang='lat' dir='ltr'><strong>de</strong></span> <span class='ocrx_word' id='word_1_136' title='bbox 491 1487 760 1553; x_wconf 62' lang='lat' dir='ltr'><strong>arrotorestanen,</strong></span> <span class='ocrx_word' id='word_1_137' title='bbox 787 1495 821 1536; x_wconf 88' lang='lat' dir='ltr'><strong>an</strong></span> <span class='ocrx_word' id='word_1_138' title='bbox 844 1495 985 1537; x_wconf 89' lang='lat' dir='ltr'><strong>venenum</strong></span> <span class='ocrx_word' id='word_1_139' title='bbox 1005 1477 1116 1556; x_wconf 87' lang='lat' dir='ltr'><strong>fuerit,</strong></span> <span class='ocrx_word' id='word_1_140' title='bbox 1143 1500 1180 1539; x_wconf 85' lang='lat' dir='ltr'><strong>en</strong></span> 
     </span>
     <span class='ocr_line' id='line_1_17' title="bbox 169 1560 1180 1638; baseline 0 -16"><span class='ocrx_word' id='word_1_141' title='bbox 169 1562 345 1638; x_wconf 82' lang='lat' dir='ltr'><strong>argumentis</strong></span> <span class='ocrx_word' id='word_1_142' title='bbox 362 1578 378 1620; x_wconf 86' lang='lat' dir='ltr'><strong>a</strong></span> <span class='ocrx_word' id='word_1_143' title='bbox 394 1577 519 1638; x_wconf 88' lang='lat' dir='ltr'><strong>persona</strong></span> <span class='ocrx_word' id='word_1_144' title='bbox 534 1560 627 1618; x_wconf 87' lang='lat' dir='ltr'><strong>ductis</strong></span> <span class='ocrx_word' id='word_1_145' title='bbox 644 1561 808 1636; x_wconf 86' lang='lat' dir='ltr'><strong>colligetur.</strong></span> <span class='ocrx_word' id='word_1_146' title='bbox 838 1563 980 1638; x_wconf 85' lang='lat' dir='ltr'><strong>Superest</strong></span> <span class='ocrx_word' id='word_1_147' title='bbox 995 1563 1133 1638; x_wconf 89' lang='lat' dir='ltr'><strong>tertium,</strong></span> <span class='ocrx_word' id='word_1_148' title='bbox 1153 1565 1180 1622; x_wconf 89' lang='lat' dir='ltr'><strong>in</strong></span> 
     </span>
     <span class='ocr_line' id='line_1_18' title="bbox 169 1644 1178 1723; baseline 0.002 -22"><span class='ocrx_word' id='word_1_149' title='bbox 169 1660 227 1723; x_wconf 88' lang='lat' dir='ltr'><strong>quo</strong></span> <span class='ocrx_word' id='word_1_150' title='bbox 243 1645 350 1703; x_wconf 89' lang='lat' dir='ltr'><strong>facturn</strong></span> <span class='ocrx_word' id='word_1_151' title='bbox 367 1661 434 1702; x_wconf 88' lang='lat' dir='ltr'><strong>esse</strong></span> <span class='ocrx_word' id='word_1_152' title='bbox 448 1650 561 1703; x_wconf 91' lang='lat' dir='ltr'><strong>constat</strong></span> <span class='ocrx_word' id='word_1_153' title='bbox 576 1644 698 1720; x_wconf 86' lang='lat' dir='ltr'><strong>aliquid;</strong></span> <span class='ocrx_word' id='word_1_154' title='bbox 718 1663 733 1702; x_wconf 88' lang='lat' dir='ltr'><strong>a</strong></span> <span class='ocrx_word' id='word_1_155' title='bbox 750 1661 806 1721; x_wconf 88' lang='lat' dir='ltr'><strong>quo</strong></span> <span class='ocrx_word' id='word_1_156' title='bbox 823 1646 859 1702; x_wconf 92' lang='lat' dir='ltr'><strong>sit</strong></span> <span class='ocrx_word' id='word_1_157' title='bbox 874 1645 996 1718; x_wconf 86' lang='lat' dir='ltr'><strong>facturn,</strong></span> <span class='ocrx_word' id='word_1_158' title='bbox 1013 1647 1178 1721; x_wconf 88' lang='lat' dir='ltr'><strong>quaeritur.</strong></span> 
     </span>
     <span class='ocr_line' id='line_1_19' title="bbox 169 1724 1180 1805; baseline 0.002 -20"><span class='ocrx_word' id='word_1_159' title='bbox 169 1724 257 1786; x_wconf 80' lang='lat' dir='ltr'><strong>Cuius</strong></span> <span class='ocrx_word' id='word_1_160' title='bbox 274 1727 317 1785; x_wconf 92' lang='lat' dir='ltr'><strong>rei</strong></span> <span class='ocrx_word' id='word_1_161' title='bbox 339 1744 551 1805; x_wconf 89' lang='lat' dir='ltr'><strong>supervacuum</strong></span> <span class='ocrx_word' id='word_1_162' title='bbox 572 1735 616 1786; x_wconf 88' lang='lat' dir='ltr'><strong>est</strong></span> <span class='ocrx_word' id='word_1_163' title='bbox 634 1744 744 1804; x_wconf 91' lang='lat' dir='ltr'><strong>ponere</strong></span> <span class='ocrx_word' id='word_1_164' title='bbox 763 1727 943 1804; x_wconf 86' lang='lat' dir='ltr'><strong>exemplum,</strong></span> <span class='ocrx_word' id='word_1_165' title='bbox 966 1745 1029 1786; x_wconf 85' lang='lat' dir='ltr'><strong>cntn</strong></span> <span class='ocrx_word' id='word_1_166' title='bbox 1051 1727 1180 1805; x_wconf 81' lang='lat' dir='ltr'><strong>plurime</strong></span> 
     </span>
     <span class='ocr_line' id='line_1_20' title="bbox 169 1808 1178 1884; baseline 0 -14"><span class='ocrx_word' id='word_1_167' title='bbox 169 1811 225 1870; x_wconf 88' lang='lat' dir='ltr'><strong>sint</strong></span> <span class='ocrx_word' id='word_1_168' title='bbox 241 1810 403 1871; x_wconf 89' lang='lat' dir='ltr'><strong>huiusmodi</strong></span> <span class='ocrx_word' id='word_1_169' title='bbox 421 1810 542 1884; x_wconf 88' lang='lat' dir='ltr'><strong>indicia,</strong></span> <span class='ocrx_word' id='word_1_170' title='bbox 557 1818 589 1869; x_wconf 89' lang='lat' dir='ltr'><strong>ut</strong></span> <span class='ocrx_word' id='word_1_171' title='bbox 605 1808 747 1870; x_wconf 88' lang='lat' dir='ltr'><strong>bominem</strong></span> <span class='ocrx_word' id='word_1_172' title='bbox 764 1811 891 1868; x_wconf 85' lang='lat' dir='ltr'><strong>occisum</strong></span> <span class='ocrx_word' id='word_1_173' title='bbox 908 1827 975 1868; x_wconf 89' lang='lat' dir='ltr'><strong>esse</strong></span> <span class='ocrx_word' id='word_1_174' title='bbox 990 1810 1178 1870; x_wconf 87' lang='lat' dir='ltr'><strong>manifestum</strong></span> 
     </span>
     <span class='ocr_line' id='line_1_21' title="bbox 169 1892 1176 1971; baseline 0.002 -19"><span class='ocrx_word' id='word_1_175' title='bbox 169 1895 205 1952; x_wconf 87' lang='lat' dir='ltr'><strong>sit</strong></span> <span class='ocrx_word' id='word_1_176' title='bbox 229 1895 277 1953; x_wconf 92' lang='lat' dir='ltr'><strong>vel</strong></span> <span class='ocrx_word' id='word_1_177' title='bbox 299 1894 483 1971; x_wconf 82' lang='lat' dir='ltr'><strong>sacrilegium</strong></span> <span class='ocrx_word' id='word_1_178' title='bbox 505 1892 703 1967; x_wconf 88' lang='lat' dir='ltr'><strong>commissum,</strong></span> <span class='ocrx_word' id='word_1_179' title='bbox 724 1894 748 1950; x_wconf 88' lang='lat' dir='ltr'><strong>is</strong></span> <span class='ocrx_word' id='word_1_180' title='bbox 773 1903 883 1968; x_wconf 88' lang='lat' dir='ltr'><strong>autem,</strong></span> <span class='ocrx_word' id='word_1_181' title='bbox 907 1894 955 1967; x_wconf 85' lang='lat' dir='ltr'><strong>qni</strong></span> <span class='ocrx_word' id='word_1_182' title='bbox 977 1894 1111 1968; x_wconf 85' lang='lat' dir='ltr'><strong>arguitur</strong></span> <span class='ocrx_word' id='word_1_183' title='bbox 1132 1895 1176 1954; x_wconf 90' lang='lat' dir='ltr'><strong>fe·</strong></span> 
     </span>
     <span class='ocr_line' id='line_1_22' title="bbox 169 1978 1192 2052; baseline -0.002 -18"><span class='ocrx_word' id='word_1_184' title='bbox 169 1978 262 2049; x_wconf 89' lang='lat' dir='ltr'><strong>cisse,</strong></span> <span class='ocrx_word' id='word_1_185' title='bbox 280 1986 378 2052; x_wconf 85' lang='lat' dir='ltr'><strong>neget.</strong></span> <span class='ocrx_word' id='word_1_186' title='bbox 756 2009 758 2012; x_wconf 94' lang='lat'>-</span> <span class='ocrx_word' id='word_1_187' title='bbox 1185 2026 1192 2032; x_wconf 86' lang='lat'>.</span> 
     </span>
     <span class='ocr_line' id='line_1_23' title="bbox 252 2047 1177 2137; baseline 0 -21"><span class='ocrx_word' id='word_1_188' title='bbox 252 2057 298 2116; x_wconf 83' lang='lat' dir='ltr'><strong>Ex</strong></span> <span class='ocrx_word' id='word_1_189' title='bbox 323 2057 380 2117; x_wconf 92' lang='lat' dir='ltr'><strong>boc</strong></span> <span class='ocrx_word' id='word_1_190' title='bbox 403 2059 529 2118; x_wconf 86' lang='lat' dir='ltr'><strong>nascitur</strong></span> <span class='ocrx_word' id='word_1_191' title='bbox 552 2047 787 2137; x_wconf 77' lang='grc' dir='ltr'><em>ἆντικατηγορία.</em></span> <span class='ocrx_word' id='word_1_192' title='bbox 832 2057 937 2134; x_wconf 85' lang='lat' dir='ltr'><strong>Utique</strong></span> <span class='ocrx_word' id='word_1_193' title='bbox 966 2059 1040 2116; x_wconf 87' lang='lat' dir='ltr'><strong>enirn</strong></span> <span class='ocrx_word' id='word_1_194' title='bbox 1066 2059 1177 2135; x_wconf 87' lang='lat' dir='ltr'><strong>factum</strong></span> 
     </span>
    </p>

    <p class='ocr_par' dir='ltr' id='par_1_3' title="bbox 124 2139 1176 3132">
     <span class='ocr_line' id='line_1_24' title="bbox 129 2139 1176 2219; baseline -0.001 -18"><span class='ocrx_word' id='word_1_195' title='bbox 129 2147 162 2202; x_wconf 87' lang='grc'><strong>19</strong></span> <span class='ocrx_word' id='word_1_196' title='bbox 170 2159 236 2200; x_wconf 89' lang='lat' dir='ltr'><strong>esse</strong></span> <span class='ocrx_word' id='word_1_197' title='bbox 254 2143 406 2216; x_wconf 87' lang='lat' dir='ltr'><strong>convenit,</strong></span> <span class='ocrx_word' id='word_1_198' title='bbox 430 2139 507 2219; x_wconf 90' lang='lat' dir='ltr'><strong>quod</strong></span> <span class='ocrx_word' id='word_1_199' title='bbox 525 2141 581 2200; x_wconf 94' lang='lat' dir='ltr'><strong>duo</strong></span> <span class='ocrx_word' id='word_1_200' title='bbox 598 2141 720 2216; x_wconf 86' lang='lat' dir='ltr'><strong>invicem</strong></span> <span class='ocrx_word' id='word_1_201' title='bbox 740 2140 886 2200; x_wconf 89' lang='lat' dir='ltr'><strong>obiiciunt.</strong></span> <span class='ocrx_word' id='word_1_202' title='bbox 928 2141 959 2199; x_wconf 93' lang='lat' dir='ltr'><strong>ln</strong></span> <span class='ocrx_word' id='word_1_203' title='bbox 977 2158 1034 2219; x_wconf 87' lang='lat' dir='ltr'><strong>quo</strong></span> <span class='ocrx_word' id='word_1_204' title='bbox 1057 2142 1176 2219; x_wconf 85' lang='lat' dir='ltr'><strong>quidem</strong></span> 
     </span>
     <span class='ocr_line' id='line_1_25' title="bbox 167 2222 1173 2302; baseline -0.002 -18"><span class='ocrx_word' id='word_1_205' title='bbox 167 2242 277 2302; x_wconf 84' lang='lat' dir='ltr'><strong>genere</strong></span> <span class='ocrx_word' id='word_1_206' title='bbox 291 2242 441 2284; x_wconf 85' lang='lat' dir='ltr'><strong>causarum</strong></span> <span class='ocrx_word' id='word_1_207' title='bbox 457 2225 592 2284; x_wconf 87' lang='lat' dir='ltr'><strong>admonet</strong></span> <span class='ocrx_word' id='word_1_208' title='bbox 605 2222 725 2299; x_wconf 87' lang='lat' dir='ltr'><strong>Celsus,</strong></span> <span class='ocrx_word' id='word_1_209' title='bbox 745 2224 807 2283; x_wconf 80' lang='lat' dir='ltr'><strong>fieri</strong></span> <span class='ocrx_word' id='word_1_210' title='bbox 823 2223 850 2282; x_wconf 91' lang='lat' dir='ltr'><strong>id</strong></span> <span class='ocrx_word' id='word_1_211' title='bbox 867 2225 894 2281; x_wconf 90' lang='lat' dir='ltr'><strong>in</strong></span> <span class='ocrx_word' id='word_1_212' title='bbox 910 2223 974 2283; x_wconf 89' lang='lat' dir='ltr'><strong>foro</strong></span> <span class='ocrx_word' id='word_1_213' title='bbox 990 2241 1048 2282; x_wconf 93' lang='lat' dir='ltr'><strong>non</strong></span> <span class='ocrx_word' id='word_1_214' title='bbox 1064 2241 1173 2300; x_wconf 86' lang='lat' dir='ltr'><strong>pcsse;</strong></span> 
     </span>
     <span class='ocr_line' id='line_1_26' title="bbox 168 2306 1172 2385; baseline -0.001 -19"><span class='ocrx_word' id='word_1_215' title='bbox 168 2307 245 2385; x_wconf 90' lang='lat' dir='ltr'><strong>quod</strong></span> <span class='ocrx_word' id='word_1_216' title='bbox 260 2309 401 2366; x_wconf 87' lang='lat' dir='ltr'><strong>neminem</strong></span> <span class='ocrx_word' id='word_1_217' title='bbox 418 2309 553 2384; x_wconf 82' lang='lat' dir='ltr'><strong>ignorare</strong></span> <span class='ocrx_word' id='word_1_218' title='bbox 568 2306 701 2366; x_wconf 88' lang='lat' dir='ltr'><strong>arbitror.</strong></span> <span class='ocrx_word' id='word_1_219' title='bbox 739 2307 784 2366; x_wconf 89' lang='lat' dir='ltr'><strong>De</strong></span> <span class='ocrx_word' id='word_1_220' title='bbox 803 2323 859 2364; x_wconf 90' lang='lat' dir='ltr'><strong>uno</strong></span> <span class='ocrx_word' id='word_1_221' title='bbox 881 2323 933 2365; x_wconf 93' lang='lat' dir='ltr'><strong>reo</strong></span> <span class='ocrx_word' id='word_1_222' title='bbox 955 2307 1106 2366; x_wconf 81' lang='lat' dir='ltr'><strong>consiliunt</strong></span> <span class='ocrx_word' id='word_1_223' title='bbox 1124 2324 1172 2365; x_wconf 92' lang='lat' dir='ltr'><strong>co·</strong></span> 
     </span>
     <span class='ocr_line' id='line_1_27' title="bbox 166 2389 1173 2466; baseline -0.001 -18"><span class='ocrx_word' id='word_1_224' title='bbox 166 2392 243 2466; x_wconf 84' lang='lat' dir='ltr'><strong>gitur</strong></span> <span class='ocrx_word' id='word_1_225' title='bbox 265 2391 366 2463; x_wconf 89' lang='lat' dir='ltr'><strong>etiam,</strong></span> <span class='ocrx_word' id='word_1_226' title='bbox 392 2399 421 2448; x_wconf 92' lang='lat' dir='ltr'><strong>et</strong></span> <span class='ocrx_word' id='word_1_227' title='bbox 442 2391 465 2448; x_wconf 91' lang='lat' dir='ltr'><strong>si</strong></span> <span class='ocrx_word' id='word_1_228' title='bbox 484 2391 532 2466; x_wconf 90' lang='lat' dir='ltr'><strong>qni</strong></span> <span class='ocrx_word' id='word_1_229' title='bbox 553 2398 636 2463; x_wconf 90' lang='lat' dir='ltr'><strong>sunt,</strong></span> <span class='ocrx_word' id='word_1_230' title='bbox 659 2391 706 2466; x_wconf 90' lang='lat' dir='ltr'><strong>qui</strong></span> <span class='ocrx_word' id='word_1_231' title='bbox 728 2391 851 2449; x_wconf 83' lang='lat' dir='ltr'><strong>invicem</strong></span> <span class='ocrx_word' id='word_1_232' title='bbox 872 2399 1027 2464; x_wconf 86' lang='lat' dir='ltr'><strong>accusent,</strong></span> <span class='ocrx_word' id='word_1_233' title='bbox 1050 2389 1173 2448; x_wconf 86' lang='lat' dir='ltr'><strong>alterurn</strong></span> 
     </span>
     <span class='ocr_line' id='line_1_28' title="bbox 124 2465 1172 2550; baseline 0 -20"><span class='ocrx_word' id='word_1_234' title='bbox 124 2472 300 2537; x_wconf 74' lang='lat' dir='ltr'><strong>noiudiciu&#39;m</strong></span> <span class='ocrx_word' id='word_1_235' title='bbox 316 2473 450 2549; x_wconf 87' lang='lat' dir='ltr'><strong>perferre</strong></span> <span class='ocrx_word' id='word_1_236' title='bbox 464 2490 588 2531; x_wconf 89' lang='lat' dir='ltr'><strong>necesse</strong></span> <span class='ocrx_word' id='word_1_237' title='bbox 610 2481 664 2530; x_wconf 91' lang='lat' dir='ltr'><strong>est.</strong></span> <span class='ocrx_word' id='word_1_238' title='bbox 700 2472 899 2550; x_wconf 86' lang='lat' dir='ltr'><strong>Apollodorus</strong></span> <span class='ocrx_word' id='word_1_239' title='bbox 915 2489 1032 2550; x_wconf 86' lang='lat' dir='ltr'><strong>quoque</strong></span> <span class='ocrx_word' id='word_1_240' title='bbox 1051 2465 1172 2531; x_wconf 80' lang='grc' dir='ltr'><strong><em>ἀν’τικα-</em></strong></span> 
     </span>
     <span class='ocr_line' id='line_1_29' title="bbox 166 2555 1171 2634; baseline -0.002 -20"><span class='ocrx_word' id='word_1_241' title='bbox 166 2555 305 2634; x_wconf 72' lang='grc' dir='ltr'><em>τηγορίαν</em></span> <span class='ocrx_word' id='word_1_242' title='bbox 320 2555 391 2615; x_wconf 92' lang='lat' dir='ltr'><strong>duas</strong></span> <span class='ocrx_word' id='word_1_243' title='bbox 408 2565 475 2614; x_wconf 83' lang='lat' dir='ltr'><strong>e‘ssc</strong></span> <span class='ocrx_word' id='word_1_244' title='bbox 489 2557 703 2615; x_wconf 85' lang='lat' dir='ltr'><strong>controversias</strong></span> <span class='ocrx_word' id='word_1_245' title='bbox 719 2557 805 2631; x_wconf 88' lang='lat' dir='ltr'><strong>dixit,</strong></span> <span class='ocrx_word' id='word_1_246' title='bbox 823 2565 852 2614; x_wconf 92' lang='lat' dir='ltr'><strong>et</strong></span> <span class='ocrx_word' id='word_1_247' title='bbox 869 2565 933 2614; x_wconf 91' lang='lat' dir='ltr'><strong>sunt</strong></span> <span class='ocrx_word' id='word_1_248' title='bbox 948 2572 1052 2614; x_wconf 87' lang='lat' dir='ltr'><strong>revera</strong></span> <span class='ocrx_word' id='word_1_249' title='bbox 1069 2573 1171 2614; x_wconf 89' lang='lat' dir='ltr'><strong>secun-</strong></span> 
     </span>
     <span class='ocr_line' id='line_1_30' title="bbox 167 2638 1171 2714; baseline -0.002 -17"><span class='ocrx_word' id='word_1_250' title='bbox 167 2638 232 2698; x_wconf 90' lang='lat' dir='ltr'><strong>dum</strong></span> <span class='ocrx_word' id='word_1_251' title='bbox 248 2638 366 2699; x_wconf 87' lang='lat' dir='ltr'><strong>forense</strong></span> <span class='ocrx_word' id='word_1_252' title='bbox 379 2640 422 2698; x_wconf 88' lang='lat' dir='ltr'><strong>ins</strong></span> <span class='ocrx_word' id='word_1_253' title='bbox 434 2638 508 2699; x_wconf 88' lang='lat' dir='ltr'><strong>duae</strong></span> <span class='ocrx_word' id='word_1_254' title='bbox 520 2638 595 2698; x_wconf 90' lang='lat' dir='ltr'><strong>lites.</strong></span> <span class='ocrx_word' id='word_1_255' title='bbox 634 2638 733 2699; x_wconf 89' lang='lat' dir='ltr'><strong>Potest</strong></span> <span class='ocrx_word' id='word_1_256' title='bbox 746 2649 841 2699; x_wconf 88' lang='lat' dir='ltr'><strong>tamen</strong></span> <span class='ocrx_word' id='word_1_257' title='bbox 856 2639 912 2698; x_wconf 91' lang='lat' dir='ltr'><strong>boc</strong></span> <span class='ocrx_word' id='word_1_258' title='bbox 924 2656 1016 2714; x_wconf 84' lang='lat' dir='ltr'><strong>genus</strong></span> <span class='ocrx_word' id='word_1_259' title='bbox 1029 2639 1058 2695; x_wconf 87' lang='lat' dir='ltr'><strong>in</strong></span> <span class='ocrx_word' id='word_1_260' title='bbox 1073 2639 1171 2714; x_wconf 86' lang='lat' dir='ltr'><strong>cogni·</strong></span> 
     </span>
     <span class='ocr_line' id='line_1_31' title="bbox 166 2721 1173 2801; baseline -0.001 -21"><span class='ocrx_word' id='word_1_261' title='bbox 166 2722 273 2781; x_wconf 92' lang='lat' dir='ltr'><strong>tionem</strong></span> <span class='ocrx_word' id='word_1_262' title='bbox 294 2725 395 2782; x_wconf 87' lang='lat' dir='ltr'><strong>venire</strong></span> <span class='ocrx_word' id='word_1_263' title='bbox 419 2731 535 2783; x_wconf 88' lang='lat' dir='ltr'><strong>senatus</strong></span> <span class='ocrx_word' id='word_1_264' title='bbox 558 2732 606 2782; x_wconf 92' lang='lat' dir='ltr'><strong>aut</strong></span> <span class='ocrx_word' id='word_1_265' title='bbox 628 2724 782 2801; x_wconf 71' lang='lat' dir='ltr'><strong>principis</strong></span> <span class='ocrx_word' id='word_1_266' title='bbox 815 2722 874 2781; x_wconf 92' lang='lat' dir='ltr'><strong>Sed</strong></span> <span class='ocrx_word' id='word_1_267' title='bbox 891 2722 919 2780; x_wconf 90' lang='lat' dir='ltr'><strong>in</strong></span> <span class='ocrx_word' id='word_1_268' title='bbox 934 2721 1039 2780; x_wconf 87' lang='lat' dir='ltr'><strong>iudicio</strong></span> <span class='ocrx_word' id='word_1_269' title='bbox 1055 2737 1173 2798; x_wconf 87' lang='lat' dir='ltr'><strong>quoque</strong></span> 
     </span>
     <span class='ocr_line' id='line_1_32' title="bbox 167 2805 1170 2882; baseline 0 -20"><span class='ocrx_word' id='word_1_270' title='bbox 167 2805 238 2864; x_wconf 89' lang='lat' dir='ltr'><strong>nihil</strong></span> <span class='ocrx_word' id='word_1_271' title='bbox 257 2806 377 2865; x_wconf 88' lang='lat' dir='ltr'><strong>interest</strong></span> <span class='ocrx_word' id='word_1_272' title='bbox 399 2808 558 2880; x_wconf 88' lang='lat' dir='ltr'><strong>actionum,</strong></span> <span class='ocrx_word' id='word_1_273' title='bbox 581 2815 673 2864; x_wconf 92' lang='lat' dir='ltr'><strong>utrum</strong></span> <span class='ocrx_word' id='word_1_274' title='bbox 694 2806 777 2865; x_wconf 89' lang='lat' dir='ltr'><strong>simui</strong></span> <span class='ocrx_word' id='word_1_275' title='bbox 800 2805 836 2864; x_wconf 90' lang='lat' dir='ltr'><strong>de</strong></span> <span class='ocrx_word' id='word_1_276' title='bbox 858 2814 983 2882; x_wconf 89' lang='lat' dir='ltr'><strong>utroque</strong></span> <span class='ocrx_word' id='word_1_277' title='bbox 1005 2807 1170 2882; x_wconf 90' lang='lat' dir='ltr'><strong>pronuntie-</strong></span> 
     </span>
     <span class='ocr_line' id='line_1_33' title="bbox 125 2887 1171 2965; baseline 0 -19"><span class='ocrx_word' id='word_1_278' title='bbox 125 2893 157 2946; x_wconf 80' lang='grc'><strong>11</strong></span> <span class='ocrx_word' id='word_1_279' title='bbox 168 2896 230 2961; x_wconf 89' lang='lat' dir='ltr'><strong>tur,</strong></span> <span class='ocrx_word' id='word_1_280' title='bbox 248 2905 295 2958; x_wconf 77' lang='lat' dir='ltr'><strong>¹an</strong></span> <span class='ocrx_word' id='word_1_281' title='bbox 317 2889 460 2948; x_wconf 88' lang='lat' dir='ltr'><strong>sententia</strong></span> <span class='ocrx_word' id='word_1_282' title='bbox 481 2889 517 2948; x_wconf 93' lang='lat' dir='ltr'><strong>de</strong></span> <span class='ocrx_word' id='word_1_283' title='bbox 538 2905 594 2946; x_wconf 95' lang='lat' dir='ltr'><strong>uno</strong></span> <span class='ocrx_word' id='word_1_284' title='bbox 617 2888 735 2947; x_wconf 85' lang='lat' dir='ltr'><strong>feratur.</strong></span> <span class='ocrx_word' id='word_1_285' title='bbox 782 2887 845 2960; x_wconf 80' lang='lat' dir='ltr'><strong>Quo</strong></span> <span class='ocrx_word' id='word_1_286' title='bbox 871 2889 899 2946; x_wconf 92' lang='lat' dir='ltr'><strong>in</strong></span> <span class='ocrx_word' id='word_1_287' title='bbox 922 2905 1033 2964; x_wconf 82' lang='lat' dir='ltr'><strong>genere</strong></span> <span class='ocrx_word' id='word_1_288' title='bbox 1054 2904 1171 2965; x_wconf 90' lang='lat' dir='ltr'><strong>semper</strong></span> 
     </span>
     <span class='ocr_line' id='line_1_34' title="bbox 167 2969 1170 3049; baseline 0 -21"><span class='ocrx_word' id='word_1_289' title='bbox 167 2970 247 3048; x_wconf 86' lang='lat' dir='ltr'><strong>prior</strong></span> <span class='ocrx_word' id='word_1_290' title='bbox 268 2969 386 3030; x_wconf 86' lang='lat' dir='ltr'><strong>debebit</strong></span> <span class='ocrx_word' id='word_1_291' title='bbox 410 2988 477 3030; x_wconf 91' lang='lat' dir='ltr'><strong>esse</strong></span> <span class='ocrx_word' id='word_1_292' title='bbox 499 2970 649 3036; x_wconf 86' lang='lat' dir='ltr'><strong>defensio;</strong></span> <span class='ocrx_word' id='word_1_293' title='bbox 672 2973 791 3048; x_wconf 88' lang='lat' dir='ltr'><strong>primurn</strong></span> <span class='ocrx_word' id='word_1_294' title='bbox 807 2971 873 3049; x_wconf 86' lang='lat' dir='ltr'><strong>quia</strong></span> <span class='ocrx_word' id='word_1_295' title='bbox 894 2979 994 3030; x_wconf 87' lang='lat' dir='ltr'><strong>natura</strong></span> <span class='ocrx_word' id='word_1_296' title='bbox 1014 2972 1110 3048; x_wconf 90' lang='lat' dir='ltr'><strong>potior</strong></span> <span class='ocrx_word' id='word_1_297' title='bbox 1126 2980 1170 3029; x_wconf 87' lang='lat' dir='ltr'><strong>est</strong></span> 
     </span>
     <span class='ocr_line' id='line_1_35' title="bbox 167 3052 1169 3132; baseline -0.002 -19"><span class='ocrx_word' id='word_1_298' title='bbox 167 3052 246 3113; x_wconf 89' lang='lat' dir='ltr'><strong>salus</strong></span> <span class='ocrx_word' id='word_1_299' title='bbox 269 3063 368 3114; x_wconf 89' lang='lat' dir='ltr'><strong>nostra</strong></span> <span class='ocrx_word' id='word_1_300' title='bbox 396 3071 480 3132; x_wconf 84' lang='lat' dir='ltr'><strong>quarn</strong></span> <span class='ocrx_word' id='word_1_301' title='bbox 507 3053 665 3114; x_wconf 86' lang='lat' dir='ltr'><strong>adversarii</strong></span> <span class='ocrx_word' id='word_1_302' title='bbox 688 3056 849 3132; x_wconf 83' lang='lat' dir='ltr'><strong>pernicies,</strong></span> <span class='ocrx_word' id='word_1_303' title='bbox 874 3054 979 3114; x_wconf 90' lang='lat' dir='ltr'><strong>deiude</strong></span> <span class='ocrx_word' id='word_1_304' title='bbox 1002 3053 1080 3131; x_wconf 91' lang='lat' dir='ltr'><strong>quod</strong></span> <span class='ocrx_word' id='word_1_305' title='bbox 1104 3053 1169 3131; x_wconf 90' lang='lat' dir='ltr'><strong>ptus</strong></span> 
     </span>
    </p>

    <p class='ocr_par' dir='ltr' id='par_1_4' title="bbox 89 3134 1216 3382">
     <span class='ocr_line' id='line_1_36' title="bbox 89 3134 1216 3215; baseline -0.002 -19"><span class='ocrx_word' id='word_1_306' title='bbox 89 3192 91 3196; x_wconf 81' lang='grc'>,</span> <span class='ocrx_word' id='word_1_307' title='bbox 167 3134 336 3196; x_wconf 88' lang='lat' dir='ltr'><strong>babebimus</strong></span> <span class='ocrx_word' id='word_1_308' title='bbox 357 3138 386 3195; x_wconf 90' lang='lat' dir='ltr'><strong>in</strong></span> <span class='ocrx_word' id='word_1_309' title='bbox 401 3137 586 3197; x_wconf 78' lang='lat' dir='ltr'><strong>accusatione</strong></span> <span class='ocrx_word' id='word_1_310' title='bbox 608 3139 803 3214; x_wconf 82' lang='lat' dir='ltr'><strong>auctoritatis,</strong></span> <span class='ocrx_word' id='word_1_311' title='bbox 822 3139 846 3197; x_wconf 90' lang='lat' dir='ltr'><strong>si</strong></span> <span class='ocrx_word' id='word_1_312' title='bbox 863 3138 941 3215; x_wconf 90' lang='lat' dir='ltr'><strong>prius</strong></span> <span class='ocrx_word' id='word_1_313' title='bbox 955 3137 992 3196; x_wconf 88' lang='lat' dir='ltr'><strong>de</strong></span> <span class='ocrx_word' id='word_1_314' title='bbox 1007 3136 1168 3195; x_wconf 86' lang='lat' dir='ltr'><strong>innocentia</strong></span> <span class='ocrx_word' id='word_1_315' title='bbox 1215 3139 1216 3150; x_wconf 59' lang='lat'>¹</span> 
     </span>
     <span class='ocr_line' id='line_1_37' title="bbox 166 3218 1168 3299; baseline -0.001 -22"><span class='ocrx_word' id='word_1_316' title='bbox 166 3228 266 3279; x_wconf 87' lang='lat' dir='ltr'><strong>nostra</strong></span> <span class='ocrx_word' id='word_1_317' title='bbox 285 3221 462 3294; x_wconf 85' lang='lat' dir='ltr'><strong>constiterit,</strong></span> <span class='ocrx_word' id='word_1_318' title='bbox 478 3227 670 3297; x_wconf 88' lang='lat' dir='ltr'><strong>postremum,</strong></span> <span class='ocrx_word' id='word_1_319' title='bbox 687 3221 764 3299; x_wconf 88' lang='lat' dir='ltr'><strong>quod</strong></span> <span class='ocrx_word' id='word_1_320' title='bbox 779 3222 817 3280; x_wconf 89' lang='lat' dir='ltr'><strong>ita</strong></span> <span class='ocrx_word' id='word_1_321' title='bbox 831 3221 944 3280; x_wconf 88' lang='lat' dir='ltr'><strong>demum</strong></span> <span class='ocrx_word' id='word_1_322' title='bbox 961 3218 1069 3297; x_wconf 82' lang='lat' dir='ltr'><strong>duplex</strong></span> <span class='ocrx_word' id='word_1_323' title='bbox 1084 3235 1168 3278; x_wconf 82' lang='lat' dir='ltr'><strong>causa</strong></span> 
     </span>
     <span class='ocr_line' id='line_1_38' title="bbox 167 3299 1167 3382; baseline -0.002 -20"><span class='ocrx_word' id='word_1_324' title='bbox 167 3303 232 3362; x_wconf 82' lang='lat' dir='ltr'><strong>erit.</strong></span> <span class='ocrx_word' id='word_1_325' title='bbox 268 3301 340 3361; x_wconf 86' lang='lat' dir='ltr'><strong>Nam</strong></span> <span class='ocrx_word' id='word_1_326' title='bbox 363 3305 410 3382; x_wconf 88' lang='lat' dir='ltr'><strong>qui</strong></span> <span class='ocrx_word' id='word_1_327' title='bbox 432 3303 516 3380; x_wconf 86' lang='lat' dir='ltr'><strong>dicit,</strong></span> <span class='ocrx_word' id='word_1_328' title='bbox 539 3299 605 3381; x_wconf 79' lang='lat' dir='ltr'><strong>Epo</strong></span> <span class='ocrx_word' id='word_1_329' title='bbox 627 3322 687 3366; x_wconf 85' lang='lat' dir='ltr'><strong>non</strong></span> <span class='ocrx_word' id='word_1_330' title='bbox 702 3306 822 3380; x_wconf 80' lang='lat' dir='ltr'><strong>occidi,</strong></span> <span class='ocrx_word' id='word_1_331' title='bbox 846 3302 932 3367; x_wconf 88' lang='lat' dir='ltr'><strong>babet</strong></span> <span class='ocrx_word' id='word_1_332' title='bbox 947 3303 1087 3380; x_wconf 86' lang='lat' dir='ltr'><strong>reliquam</strong></span> <span class='ocrx_word' id='word_1_333' title='bbox 1104 3316 1167 3378; x_wconf 84' lang='lat' dir='ltr'><strong>par·</strong></span> 
     </span>
    </p>
   </div>
   <div class='ocr_carea' id='block_1_3' title="bbox 0 0 1222 3956">
    <p class='ocr_par' dir='ltr' id='par_1_5' title="bbox 0 0 1222 3956">
     <span class='ocr_line' id='line_1_39' title="bbox 0 0 1222 3956; baseline 0 4"><span class='ocrx_word' id='word_1_334' title='bbox 0 0 1222 3956; x_wconf 95' lang='lat' dir='ltr'><strong> </strong></span> 
     </span>
    </p>
   </div>
  </div>
 </body>
</html>
