2470 3962
379 181 468 231 rursu.
481 182 629 231 cernon.
642 183 710 230 nur.
723 183 784 249 xm,
797 179 823 234 9.
1038 170 1097 232 261

95 339 236 418 patientia
259 346 313 398 est.
348 335 420 396 Nam
442 346 471 397 et
493 338 521 400 in
541 337 623 415 ipsos
644 337 675 397 lit
695 339 818 415 impetus
839 331 1027 416 frequenter,
1052 341 1101 417 qui

94 430 233 499 egerunt,
252 430 281 481 et
297 429 378 482 certe
394 420 581 499 petulantiam
596 423 708 500 patroni
723 421 852 499 litigator
867 421 927 481 luit.
954 422 1014 482 Sed
1027 423 1101 484 haec

92 507 208 566 minora
224 514 288 565 sunt
303 507 368 583 ipso
385 504 435 565 illo
451 505 521 564 vitio
539 505 639 579 animi,
663 505 740 583 quod
756 505 914 564 maledicus
931 523 947 566 a
964 505 1100 566 malefico

92 607 155 650 nou
176 590 262 650 distat
283 590 337 648 nisi
359 588 526 648 occasione.
562 587 666 667 Turpis
688 589 822 666 voluptas
844 597 873 649 et
897 589 1047 650 inhumana
1071 599 1141 653 etto

91 673 169 734 nulli
186 673 359 734 audientium
374 672 452 732 bono
464 682 546 750 grata
562 689 578 731 a
595 670 787 749 litigatoribus
801 671 916 751 quidem
931 672 1101 753 frequenter

93 757 240 834 exigitur,
257 757 306 835 qui
321 756 460 816 ultionem
475 755 582 816 malunt
597 773 682 834 qnam
697 755 905 816 defensionem.
932 757 991 817 Sed
1004 775 1099 836 neque

92 841 154 902 alia
167 840 254 900 multa
269 840 305 901 ad
322 839 467 900 arbitrium
485 856 584 900 eorum
597 838 730 901 iacienda
743 849 822 908 sunt;
839 840 896 899 hoc
908 841 1023 918 quidem
1035 843 1100 921 quis

91 924 241 985 hominum
257 922 342 983 liberi
356 923 442 982 modo
463 923 610 1000 sanguinis
636 925 793 999 sustineat,
818 923 953 1002 petulans
974 943 1042 984 esse
1065 924 1101 984 ad

93 1007 216 1068 alterius
238 1003 406 1066 arbitrium?
435 1005 523 1085 Atqui
546 1007 632 1066 etiam
652 1008 680 1066 in
702 1007 862 1068 advocatos
886 1009 976 1085 partis
997 1009 1138 1077 adver-11

93 1108 149 1151 sae
165 1089 289 1166 libenter
304 1089 432 1150 nonnulli
447 1090 634 1158 invehuntur;
664 1091 759 1169 quod,
782 1091 836 1149 nisi
854 1092 878 1150 si
894 1090 971 1152 forte
986 1109 1099 1151 merue-

93 1183 178 1250 runt,
201 1183 229 1234 et
250 1173 429 1233 inhumanum
445 1181 491 1232 est
507 1181 645 1250 respectu
661 1175 850 1234 communium
869 1174 1047 1250 officiorum,
1071 1185 1100 1234 et

94 1275 162 1318 cum
178 1258 233 1336 ipsi
251 1259 299 1336 qui
316 1258 384 1318 dicit
399 1256 499 1317 inutile
517 1257 597 1335 (nam
608 1256 684 1317 idem
700 1258 769 1316 iuris
787 1259 972 1335 responsuris
990 1258 1099 1338 datur),

93 1351 156 1401 tum
173 1359 278 1401 causae
295 1341 480 1416 contrarium,
497 1341 562 1418 quia
579 1339 664 1418 plane
680 1340 839 1400 adversarii
855 1341 925 1400 irunt
939 1350 968 1401 et
983 1344 1100 1418 inimici,

94 1434 126 1484 et
143 1425 423 1505 quantulumcunque
439 1425 482 1484 cis
497 1425 599 1485 virium
614 1433 674 1500 est,
694 1423 868 1484 contumelia
884 1435 1016 1503 augetur.
1047 1425 1099 1485 Su·
1109 1440 1142 1492 η

96 1527 157 1588 per
175 1510 267 1568 omnia
288 1509 365 1586 perit
387 1508 452 1583 illa,
479 1526 554 1586 quae
578 1507 729 1586 plurimum
745 1508 853 1568 oratori
869 1518 898 1568 et
920 1510 1100 1569 auctoritatis
1133 1564 1138 1568 .

12 1625 13 1630 κ
96 1602 127 1652 et
147 1592 214 1652 bdei
236 1591 336 1666 attur,
362 1593 520 1666 modestia,
544 1593 568 1650 si
584 1610 600 1651 a
615 1592 677 1651 viro
695 1591 772 1651 bono
789 1593 817 1650 in
832 1591 962 1652 rabulam
982 1593 1100 1653 latrato-

95 1693 217 1756 remque
234 1677 428 1749 oonvertitur,
453 1677 631 1752 compositus
651 1691 708 1734 non
730 1677 765 1736 ad
784 1677 904 1734 animum
927 1676 1029 1737 iudicis
1048 1677 1100 1736 sed

96 1760 134 1819 ed
153 1758 330 1818 stomachum
345 1759 508 1835 litigatoris.
543 1756 725 1837 Frequenter
747 1760 833 1818 etiam
849 1761 966 1837 species
982 1759 1144 1826 liberta-13

96 1845 133 1902 tis
150 1842 297 1902 deducere
315 1842 349 1902 ad
367 1843 557 1902 temeritatem
573 1841 650 1902 solet
671 1858 728 1901 non
744 1843 839 1901 causis
856 1841 942 1901 modo
959 1842 1011 1903 sed
1029 1843 1100 1921 ipsis

98 1942 232 2004 quoqne,
256 1927 303 2003 qui
319 1926 467 2001 dixerunt,
493 1923 697 2003 periculosam.
733 1923 797 1984 Nec
813 1927 954 1986 immerito
969 1925 1100 1985 Pericles

97 2007 216 2069 solebat
231 2018 344 2086 optare,
363 2027 399 2069 ne
416 2008 493 2087 quod
511 2007 565 2068 sibi
581 2008 702 2068 verbum
716 2009 745 2068 in
763 2018 888 2068 mentem
903 2005 1025 2085 veniret,
1043 2026 1100 2086 quo

97 2091 225 2172 populus
247 2091 454 2152 offenderetur.
487 2091 545 2152 Sed
568 2093 644 2170 qnod
664 2092 715 2153 ille
735 2092 770 2153 de
793 2093 922 2172 populo,
946 2093 974 2152 id
991 2110 1048 2169 ego
1065 2092 1101 2152 de

99 2172 231 2235 omnibus
255 2178 367 2253 sentio,
389 2177 436 2255 qui
458 2175 620 2236 tantundem
638 2185 761 2255 possunt
778 2193 896 2236 nocere.
934 2175 1006 2238 Nam
1027 2193 1102 2254 quae

99 2261 203 2334 fortia,
231 2259 296 2320 dum
321 2261 471 2335 dicuntur,
500 2258 687 2336 videbantur,
717 2260 821 2336 stulta,
852 2277 917 2319 oum
944 2258 1101 2335 laeserunt,

99 2351 250 2402 vocantur.
824 2383 825 2386 η
1102 2377 1111 2386 -

185 2425 283 2504 Nunc,
309 2428 376 2505 quia
395 2428 505 2487 varium
526 2427 589 2486 iere
610 2428 792 2505 propositum
815 2427 960 2504 agentium
981 2427 1050 2503 init,
1075 2434 1145 2488 et14

100 2509 278 2588 quorundam
294 2529 362 2570 cura
377 2510 518 2571 tarditatis
531 2509 709 2589 quorundam
723 2509 847 2571 facilitas
863 2512 1031 2570 temeritatis
1047 2512 1101 2570 cri·

100 2594 176 2653 mine
193 2592 349 2654 laborarit:
373 2611 458 2673 quem
475 2593 590 2654 credam
609 2594 674 2653 iore
690 2595 718 2653 in
734 2592 790 2652 boc
808 2595 932 2653 oratoris
947 2594 1101 2669 modum,

99 2676 216 2737 tradere
244 2694 301 2737 non
327 2677 450 2738 alienum
475 2678 597 2738 videtur.
640 2676 753 2736 Alleret
779 2676 815 2737 ad
840 2676 990 2737 dicendum
1017 2687 1144 2740 euraclo

101 2779 220 2839 semper
241 2770 375 2840 qnantum
398 2761 548 2839 plurimum
570 2762 688 2838 poterit.
719 2759 822 2839 Neque
838 2762 912 2820 enim
930 2759 986 2820 hoc
1008 2759 1103 2820 solum

100 2843 277 2922 negligentis
296 2845 348 2905 sed
365 2844 477 2905 maliet
496 2847 525 2905 in
540 2853 678 2923 suscepta
701 2861 788 2904 causa
803 2843 906 2922 perfidi
923 2863 958 2904 ac
973 2844 1102 2923 prodito·

11 2979 13 2984 .
101 2930 218 3004 risset,
241 2931 324 3007 peius
346 2945 436 3006 agere
452 2937 536 3007 quam
554 2930 657 3008 possit.
689 2927 819 3006 Ideoque
843 2947 880 2988 ne
899 2927 1104 3008 suscipiendae

102 3012 218 3091 quidem
229 3021 294 3072 sunt
310 3030 415 3073 causae
427 3012 538 3090 plnres,
554 3021 641 3092 quam
654 3011 758 3091 quibus
774 3012 960 3072 suffecturum
974 3013 1101 3072 resciat.

101 3095 190 3156 Dicet
206 3097 314 3175 scripta
333 3114 416 3174 quam
431 3114 480 3155 res
497 3099 623 3175 patietur
639 3095 761 3174 plurima
778 3105 825 3171 et,
844 3105 874 3156 ut
889 3095 1144 3158 Demosthenestd

103 3180 160 3255 ait,
188 3180 212 3238 si
228 3180 393 3258 continget,
418 3188 448 3240 et
462 3179 585 3258 sculpta.
627 3179 685 3240 Sed
703 3179 761 3240 boc
778 3188 826 3238 ant
842 3181 950 3258 primae
971 3179 1102 3239 actiones

103 3271 152 3322 aut
171 3280 245 3340 quae
263 3265 291 3324 in
305 3262 430 3343 publicis
445 3264 556 3324 iudiciis
573 3272 640 3343 post
658 3255 827 3323 interiectos
844 3262 905 3323 dies
922 3262 1021 3322 dantur
1036 3280 1102 3340 per-

103 3347 246 3414 miserint;
272 3357 300 3407 at
316 3366 379 3407 cum
400 3348 530 3425 protinus
550 3347 783 3426 respondendum
805 3354 866 3406 est:
891 3348 983 3405 omnia
1007 3347 1103 3424 parari

104 3446 162 3488 non
184 3440 322 3509 possunt,
348 3431 423 3492 adeo
444 3440 475 3490 ut
497 3430 584 3509 paolo
610 3432 700 3492 minus
721 3431 862 3510 promptis
889 3431 974 3491 etiam
997 3437 1104 3490 noceat
