2494 3952
221 226 225 230 ·
288 289 292 296 Ι
325 219 413 266 msr.
429 212 763 278 onnroa.n1n.x1‚a.
992 202 1061 264 211¹

9 385 10 424 ῑ
55 378 142 450 sime,
158 374 253 452 quoad
268 373 356 447 vixit,
374 370 533 439 secundus:
556 379 588 430 ut
605 377 761 450 appareat,
784 370 932 449 placuisse
947 367 1056 447 aliquid
1165 372 1171 378 ‘

56 477 92 518 eo
109 457 239 531 dicente,
263 455 340 535 quod
360 455 494 532 legentes
512 457 568 516 udn
591 455 762 514 invenimus.
799 451 837 514 llt
851 452 972 513 lnercule
992 463 1084 518 cumo

54 541 168 602 valeant
188 538 305 599 multum
325 538 415 598 verba
430 556 484 617 per
502 556 552 613 se,
580 546 609 598 et
623 555 682 597 vox
698 537 845 616 propriam
866 537 923 596 vim
941 536 1058 599 adiiciat

10 689 11 692 ,
54 625 156 700 rebus,
181 632 210 682 et
231 631 332 700 gestus
345 631 500 700 *motusque
521 621 666 698 significet
687 619 809 699 aliquid:
831 620 967 698 proiecto
990 638 1056 698 per-

10 721 11 726 ’
54 710 159 769 fectum
174 706 306 786 quiddam
320 705 402 781 fieri,
423 723 488 765 curn
504 706 596 765 omnia
613 706 762 780 coierunt,
780 721 905 765 neeesse
919 711 974 762 est.
1033 721 1034 726 ¹

137 791 208 851 Sunt
224 799 320 850 tamen
335 791 384 868 qui
398 789 498 850 rudem
513 788 608 863 illam,
630 798 659 848 et
681 789 797 867 qualem
816 789 943 866 impetus
963 787 1100 852 cuius-lo

54 893 110 954 qne
130 875 213 934 animi
235 874 314 948 tulit,
339 875 481 933 actionem
502 872 629 942 iudicent¹
648 873 798 933 fortiorem
820 880 849 930 et
873 871 964 930 solam
988 871 1058 930 viris

53 960 181 1036 dignam
206 957 258 1017 sed
273 973 329 1016 non
344 956 392 1017 alii
409 956 490 1032 iere,
513 973 596 1034 quarn
612 957 659 1034 qui
675 957 758 1016 etiam
775 957 803 1014 in
820 954 943 1015 dicendo
961 972 1058 1014 curam

54 1051 84 1102 et
97 1050 186 1102 artem
200 1050 234 1100 et
251 1042 389 1116 nitorem,
413 1050 442 1100 et
457 1039 594 1118 quidquid
609 1040 704 1101 studio
720 1048 853 1118 paratur,
878 1047 907 1098 ut
923 1037 1059 1098 all'ectata
1091 1054 1093 1058 ·

54 1135 83 1186 et
98 1142 196 1203 parum
211 1123 350 1184 naturalia
365 1123 463 1184 solent
476 1122 652 1201 improbare,
672 1123 721 1183 vel
738 1124 785 1202 qui
800 1121 955 1182 verborum
971 1130 1058 1200 atque

52 1211 143 1288 ipsius
168 1208 253 1268 etiam
275 1209 338 1266 soni
358 1208 535 1280 rusticitate,
564 1215 594 1265 ut
610 1205 641 1266 L.
659 1203 772 1266 Go'ttam
790 1207 859 1266 dicit
883 1204 988 1266 Cicero
1014 1205 1057 1264 ie·

9 1349 11 1364 ,
55 1295 149 1367 cisse,
171 1291 356 1351 imitationem
377 1291 551 1366 antiquitatis
574 1289 719 1350 affectant.
753 1289 861 1349 Verum
881 1289 922 1349 illi
937 1305 1058 1368 persua·
1067 1303 1100 1356 11

9 1373 11 1400 ⁴
53 1379 136 1436 sione
157 1393 209 1434 sua
230 1374 376 1449 fruantur,
404 1375 452 1452 qui
474 1372 653 1449 hominibus,
681 1383 713 1433 ut
731 1375 787 1433 sint
809 1381 961 1448 oratores,
988 1373 1059 1432 satis

53 1467 153 1538 putant
170 1459 265 1525 narei;
287 1466 388 1518 nostro
410 1456 502 1518 labori
520 1456 588 1516 dent
602 1458 735 1533 reniam,
761 1457 808 1536 qui
829 1456 898 1517 nihil
916 1456 1059 1517 credimus

9 1563 12 1608 ι
54 1559 121 1602 esse
144 1541 322 1620 perlectum,
345 1541 400 1600 nisi
420 1540 469 1600 nbi
491 1550 593 1601 natura
610 1558 679 1601 cara
696 1543 818 1601 iuvetur.
849 1541 881 1601 ln
898 1539 1060 1619 decipitur

9 1615 15 1750 p
53 1644 109 1685 non
123 1627 330 1685 contumaciter
343 1625 504 1699 consentio,
520 1625 627 1702 primas
638 1633 738 1703 partes
751 1643 818 1686 esse
830 1634 958 1685 naturae.
987 1622 1059 1706 llam
1068 1637 1102 1690 12

53 1719 135 1770 certe
152 1707 228 1767 bene
246 1709 432 1787 pronuntiare
454 1724 511 1767 non
526 1709 650 1786 poterit,
677 1709 722 1767 eui
740 1717 788 1768 aut
810 1710 838 1768 in
859 1709 976 1787 scriptis
1000 1725 1059 1768 me-

52 1793 142 1852 moria
159 1799 207 1852 aut
221 1792 249 1856 in
265 1793 310 1870 iis,
329 1809 404 1871 quae
419 1790 514 1850 subito
531 1790 651 1851 dicenda
669 1799 767 1866 eruut,
785 1791 911 1852 facilitas
927 1800 1060 1871 prompta
1117 1853 1120 1860 ,

52 1877 194 1951 deluerit,
228 1893 283 1935 nec
305 1877 330 1935 si
357 1873 578 1935 inemendabilia
603 1875 661 1935 oris
684 1874 864 1935 incommoda
895 1873 1059 1936 obstabunt.

54 1958 196 2038 Corporis
219 1955 303 2020 etiam
318 1967 417 2038 potest
438 1975 505 2020 esse
523 1959 617 2036 aliqua
633 1968 709 2019 tanta
732 1959 918 2035 deformitas,
936 1958 1061 2019 utnulla

52 2053 116 2108 arte
135 2044 290 2102 vincatur.¹
321 2042 381 2103 Sed
400 2060 437 2102 ne
457 2059 516 2101 vox
538 2042 653 2120 quidem
675 2043 760 2102 exilis
788 2043 931 2102 actionem
951 2042 1060 2103 habere
1070 2057 1103 2110 13

52 2129 189 2205 optimam
204 2135 312 2204 potest.
344 2125 424 2186 Bona
440 2127 515 2185 enim
530 2126 684 2204 firmaque,
700 2136 731 2187 nt
746 2126 897 2202 volumus,
919 2128 960 2186 uti
976 2127 1060 2195 lieet;

51 2210 127 2271 mala
150 2209 198 2270 vel
221 2209 367 2271 imbecilla
383 2219 413 2270 et
433 2209 542 2270 inhibet
558 2209 663 2285 multa,
687 2219 718 2270 ut
732 2211 885 2288 insurgere
909 2219 938 2269 et
963 2209 1060 2271 excla-

9 2293 11 2342 ἱ
50 2313 151 2370 mare,
176 2302 205 2352 et
221 2294 316 2373 aliqua
332 2297 428 2372 cogit,
450 2301 481 2353 ut
499 2295 687 2354 intermittere
705 2303 734 2354 et
754 2293 913 2355 deflectere
935 2302 966 2354 et
980 2311 1061 2355 rasas

9 2377 11 2416 ³
51 2379 155 2438 lauces
171 2395 207 2436 ac
226 2373 300 2438 latus
318 2378 467 2455 fatigatum
488 2377 611 2438 delormi
627 2379 741 2439 cantico
758 2377 892 2438 reficere.
929 2377 988 2438 Sed
1006 2394 1061 2439 nos

9 2469 17 2542 ᾗ·
51 2462 89 2521 de
104 2477 142 2520 eo
158 2477 234 2520 nnnc
249 2461 415 2539 loquamur,
433 2463 478 2521 cui
494 2478 552 2521 non
568 2461 674 2522 frustra
690 2463 876 2541 praecipitur.

9 2561 11 2614 :
140 2542 211 2624 (lum
227 2545 264 2604 sit
281 2553 374 2604 antem
392 2545 484 2604 omnis
500 2545 594 2617 actio,
608 2540 643 2604 ιιι
658 2546 733 2622 dixi,
754 2547 783 2606 in
800 2546 871 2606 duas
888 2545 979 2606 divisa
996 2561 1104 2623 par-14

9 2625 11 2668 ἵ
50 2639 118 2705 tes,
142 2643 248 2688 vocem
268 2637 458 2707 gestumque,
484 2644 605 2707 quorum
627 2628 702 2688 alter
729 2629 832 2689 oculos
856 2629 947 2690 altera
975 2647 1060 2689 aures

9 2725 10 2760 ³
49 2721 168 2787 movet,
189 2729 244 2790 per
264 2728 337 2791 qnos
354 2713 426 2772 duos
450 2728 553 2770 sensus
570 2712 660 2770 omnis
676 2712 712 2772 ad
733 2713 854 2772 animum
869 2721 1004 2791 penetrat
1019 2711 1060 2772 ai·
1102 2745 1104 2749 ·

51 2795 166 2855 iectus:
195 2795 274 2874 prins
297 2805 342 2856 est
365 2797 401 2855 de
422 2812 517 2855 voce
532 2794 647 2871 dicere,
669 2797 714 2855 cui
730 2797 815 2856 etiam
830 2804 931 2872 gestus
948 2813 1061 2856 accom-

51 2878 196 2938 modatur.
274 2933 277 2937 .

9 2963 11 2970 '
138 2961 171 3022 ln
184 2979 219 3022 ea
230 2963 321 3042 prima
332 2962 500 3023 observatio
515 2971 575 3038 est,
593 2962 902 3040 qualem·lralreas;
920 2963 1078 3038 secunda,
1163 3017 1168 3024 ,

52 3046 235 3123 quomodo
252 3047 382 3110 utaris.
416 3043 525 3105 Natura
538 3048 620 3106 vocis
636 3055 786 3124 spectatur
806 3047 1014 3125 quantitate
1031 3055 1062 3106 et

51 3128 253 3208 qualitate.
297 3128 447 3204 Quantitas
468 3128 641 3208 simplicior;
670 3131 699 3190 in
721 3148 828 3190 summa
850 3130 924 3189 enirn
942 3129 1102 3207 prandiolo

51 3221 102 3272 aut
120 3214 226 3290 exigua
243 3222 303 3289 est,
327 3212 379 3273 sed
395 3215 469 3273 inter
486 3210 537 3271 inas
561 3215 758 3283 extremitates
774 3211 886 3272 mediae
904 3221 970 3271 sunt
993 3231 1059 3291 spe·

52 3297 138 3371 cies,
155 3305 185 3357 et
200 3295 236 3356 ab
254 3297 307 3357 ima
326 3297 361 3357 ad
377 3313 513 3356 summam
531 3313 566 3356 ac
582 3305 661 3358 retro
682 3297 763 3358 multi
780 3295 897 3374 gradus.
929 3294 1060 3368 Qualitas

50 3380 147 3456 magis
164 3380 254 3440 uaria.
288 3378 360 3441 Nam
370 3389 421 3440 est
436 3387 465 3439 et
480 3377 599 3440 eandida
617 3389 646 3439 et
656 3381 753 3455 insca,
770 3389 800 3440 et
814 3378 901 3457 plena
917 3387 946 3438 ct
961 3379 1058 3454 exilis,

9 3497 10 3510 ι
51 3471 82 3522 et
99 3462 175 3522 lenis
197 3471 227 3522 et
242 3481 365 3543 aspera,
382 3472 412 3524 et
424 3471 572 3524 contracta
588 3471 617 3521 et
630 3463 711 3540 insa,
734 3473 763 3524 et
779 3462 894 3608 durp4ep
911 3461 1058 3548 flexibilis,
