2436 3956
183 169 204 230 8
505 178 541 224 Μ.
553 177 630 225 FAB.
646 177 864 237 Quluutntnttl

182 333 291 396 exulat.
332 331 395 392 lieo
407 330 590 409 proditionis
601 333 689 410 putri
703 333 837 392 disertus
856 331 938 408 tilius
959 335 1070 415 offuit,
1092 335 1173 395 rusti-

183 434 238 475 cus
261 434 320 477 nou
340 413 444 495 offuit:
467 414 632 475 damnatus
646 416 722 476 obiit
741 434 809 475 cum
829 416 981 477 odoocuto
1002 419 1037 478 iu
1052 419 1173 478 erilium

183 497 328 558 Rusticus
347 516 416 558 cnm
434 497 555 575 sortiter
572 500 712 576 fecisset,
738 499 872 576 proemii
894 501 1017 562 nomine
1035 501 1174 578 impetro·

182 583 224 640 oit
241 582 458 642 restitutionem
470 582 571 659 putris
585 588 613 642 et
625 581 746 659 fratris.
784 578 877 643 Pater
895 600 1043 642 reuersus
1063 586 1173 644 intesta·

183 673 231 732 tus
253 665 400 724 decessit:
420 665 495 743 petit
509 665 644 726 rusticus
657 673 777 742 portem
792 664 955 740 honorum,
970 675 1082 727 orator
1096 675 1173 726 totum

143 746 241 806 tssttt
270 748 416 808 uindicat.
467 745 520 805 Hic
547 747 589 806 illi
612 747 799 825 eloquentes,
828 747 991 826 quibusque
1023 766 1079 808 nos
1108 751 1171 806 circa

182 829 248 888 lites
269 849 349 889 raras
372 829 560 889 sollicitiores
582 830 694 889 ridiculi
714 831 860 905 videmur,
882 832 1020 892 invadent
1045 845 1171 911 personas

181 913 369 972 favorabiles.
418 911 503 971 Actio
530 930 583 990 pro
607 915 715 972 rustico
738 922 838 972 contra
860 913 1017 989 disertum,
1047 930 1101 992 pro
1122 913 1171 969 viro

182 996 249 1054 lorti
267 1005 366 1054 contra
384 995 546 1072 imbellem,
571 1013 624 1074 pro
641 998 807 1054 restitutore
826 1005 926 1056 contra
948 998 1111 1073 ingratum,
1129 1008 1169 1070 put

182 1095 236 1153 eo,
253 1081 301 1156 qni
315 1087 396 1156 parte
413 1087 565 1137 contentus
581 1080 640 1153 sitq
653 1087 752 1137 contra
768 1097 848 1154 erim,
868 1081 915 1156 qui
929 1079 1013 1140 fratri
1029 1079 1099 1138 nihil
1116 1079 1170 1136 dare

141 1165 219 1220 ilex
243 1163 369 1238 paternis
391 1161 470 1220 velit.
516 1160 597 1234 Quae
622 1164 714 1220 omnia
737 1171 801 1220 sunt
822 1163 850 1220 in
870 1164 991 1223 materia
1017 1171 1047 1223 et
1069 1161 1168 1220 mnltnn

182 1247 293 1319 iuvant,
313 1245 462 1322 victoriam
478 1253 643 1304 tamennon
660 1245 781 1304 trahunt.
813 1243 844 1304 ln
859 1243 914 1304 hac
930 1255 1167 1324 quaerentursen·

181 1329 304 1402 tentiae,
326 1329 350 1385 si
373 1327 435 1386 lieri
452 1329 577 1404 poterit,
600 1329 775 1405 praecipites
796 1327 845 1387 vel
868 1326 1032 1403 obscurae,
1057 1329 1166 1404 (namet

180 1429 255 1468 nunc
272 1411 361 1468 virtus
385 1411 451 1488 est)
475 1419 504 1468 et
516 1410 646 1486 'pulchre
668 1409 755 1468 inerit
782 1427 845 1468 cum
870 1413 992 1470 materia
1015 1409 1166 1469 tumultuet

181 1493 308 1552 elamore
330 1500 513 1554 transactum.
563 1490 607 1550 llli
629 1507 717 1566 vero,
742 1491 844 1569 quihus
868 1495 1052 1569 propositum
1073 1487 1166 1568 quiden

179 1575 281 1634 melius
305 1573 357 1632 sed
377 1591 445 1632 cura
466 1575 494 1632 in
510 1575 642 1650 proximo
659 1582 719 1649 est,
742 1575 815 1634 haec
837 1574 917 1634 velut
932 1577 1088 1637 innatantia
1103 1568 1164 1629 vite·

139 1657 264 1719 esbum:
284 1655 460 1716 Excusatum
476 1674 543 1716 esse
559 1658 711 1731 rusticum,
730 1657 806 1735 quod
819 1675 875 1716 non
896 1659 1062 1718 interfuerit
1078 1649 1166 1714 indicio

180 1740 249 1799 nihil
262 1739 419 1799 collaturus
436 1741 525 1816 patrm
549 1741 600 1800 sed
620 1759 656 1800 ne
673 1742 809 1801 disertum
825 1741 939 1819 quidem
954 1741 1081 1814 hahere,
1105 1729 1164 1813 quvi

180 1826 300 1900 imputet
320 1839 389 1898 reo,
413 1841 475 1882 cum
498 1824 522 1881 is
547 1823 692 1883 damnatus
714 1825 766 1890 sit;
788 1824 903 1898 dignum
929 1842 997 1884 esse
1021 1820 1165 1909 hereditate

180 1907 390 1973 restitutorem
415 1923 547 1980 avarum,
567 1908 695 1983 impium,
715 1907 870 1980 ingratum,
892 1908 940 1982 qui
961 1907 1092 1967 dividere
1108 1897 1163 1987 nolti

180 1989 348 2047 contrane
366 2006 460 2065 eoque
477 1990 519 2046 sic
542 1989 659 2054 merit0;
683 1988 880 2064 quaestionem
897 2005 1015 2066 quoqne
1031 1988 1106 2046 illam
1119 1995 1162 2058 prl·

179 2089 252 2129 mam
278 2072 378 2148 scripti
404 2080 432 2130 et
458 2071 630 2146 voluntatis,
651 2088 706 2148 qua
731 2087 788 2128 non
813 2079 978 2148 expugnata
1000 2087 1057 2130 non
1078 2068 1112 2125 sit
1128 2077 1162 2154 ses

137 2153 332 2232 liquentibus
357 2154 449 2214 locus.
495 2153 550 2228 ht,
573 2155 621 2232 qui
642 2161 769 2214 naturam
792 2163 946 2230 sequetur,
972 2155 1023 2214 illa
1044 2142 1163 2226 cogitabi

179 2237 326 2315 proiecto,
335 2239 426 2316 primo
439 2238 496 2297 hoc
509 2238 648 2296 dicturum
660 2240 811 2296 rusticum:
827 2234 920 2301 Putet
930 2239 1090 2297 intestatus
1101 2231 1162 2289 dtttt

178 2341 234 2383 uos
251 2321 330 2398 titios
350 2323 489 2399 reliquit,
514 2329 635 2399 purtem
658 2323 726 2381 iure
745 2321 877 2398 dentium
895 2328 974 2397 peto.
1029 2317 1096 2390 Quis
1119 2318 1161 2399 tan

180 2405 343 2482 imperitus,
361 2407 423 2483 quis
436 2413 491 2464 tam
503 2404 606 2481 procul
622 2403 769 2478 alitteris,
783 2405 850 2480 quin
862 2405 905 2461 sic
917 2403 1052 2480 incipiat,
1069 2397 1161 2456 etiamst

21 2517 22 2554 q
76 2533 79 2538 .
131 2487 333 2562 ‚enneminta
354 2488 420 2565 quid
436 2488 472 2544 sit
488 2483 672 2564 propositio?
709 2485 789 2545 Hanc
804 2503 982 2545 communem
1000 2484 1116 2544 omnium
1129 2473 1160 2530 le¹

180 2589 246 2648 gem
264 2571 368 2631 leviter
384 2569 532 2629 adornabit
549 2578 578 2627 ut
594 2571 704 2628 iustam.
744 2569 855 2646 Nempe
870 2578 1025 2646 sequetur,
1047 2573 1076 2622 nt
1090 2569 1159 2636 qnae·

181 2673 292 2728 ramus,
313 2653 379 2731 qnid
395 2653 461 2712 huie
478 2661 533 2711 tam
550 2669 661 2729 aequae
678 2652 864 2730 postulationi
874 2641 1106 2728 respondeatur?
1130 2634 1161 2694 Al

181 2737 208 2796 id
225 2736 403 2796 manifestum
428 2745 482 2794 est.
531 2735 596 2796 Lem
615 2744 677 2812 est,
706 2752 784 2812 quoe
803 2736 885 2796 iubet
912 2731 1161 2796 concredemus

182 2840 265 2894 eunt,
289 2821 341 2896 qui
352 2822 438 2897 putri
447 2821 632 2897 proditionis
653 2838 706 2881 reo
722 2837 781 2878 nou
796 2818 936 2900 affuerim·
958 2827 990 2878 tu
1005 2823 1100 2878 cutem
1113 2815 1159 2862 ult

182 2903 303 2984 affuisti.
347 2901 426 2962 Hanc
442 2905 670 2980 propositionem
689 2903 856 2960 necessaria
877 2902 1007 2978 sequitur
1023 2894 1093 2971 legis
1112 2886 1159 2944 lat·

138 2986 258 3049 ledatio
276 2987 398 3062 eteius,
415 2987 463 3063 qui
479 3003 537 3044 non
552 2987 681 3060 alluerit,
697 2986 890 3062 vituperatio..
914 2982 1016 3044 Adhuc
1031 2977 1159 3037 versantur

181 3071 209 3127 in
227 3068 387 3136 confessis;
413 3068 513 3127 redeat
535 3071 642 3128 animus
658 3068 694 3128 ad
708 3070 876 3145 petitorem
899 3065 1032 3144 numquid
1047 3074 1098 3118 non
1112 3050 1159 3108 ¹1⁰⁶

181 3154 292 3228 cogitet
307 3169 431 3211 necesse
448 3161 508 3226 est,
528 3153 581 3210 nisi
598 3153 645 3229 qui
663 3153 699 3209 sit
717 3151 802 3228 plane
818 3149 924 3210 hebes:
946 3149 982 3210 st
1000 3151 1049 3210 les
1066 3131 1157 3202 obstat,

179 3237 264 3296 utillo
278 3236 317 3296 lis
334 3243 394 3310 est,
417 3236 509 3295 inune
530 3235 677 3295 iudicium
693 3237 760 3295 est?
796 3231 889 3310 Atqui
905 3241 934 3295 et
954 3211 1157 3319 leqempflsseltl

179 3320 252 3394 hoc,
277 3321 360 3395 quod
380 3338 418 3379 en
435 3320 559 3396 puniat,
577 3337 597 3378 o
612 3320 728 3378 rustico
747 3318 879 3396 foetum,
906 3325 996 3378 ectru
1016 3302 1155 3374 dubttoltt·

31 3473 32 3482 χ
137 3409 249 3465 linem
265 3411 319 3463 est.
345 3401 419 3475 Quid
436 3419 507 3479 ergo
525 3398 664 3462 dicimus?
685 3400 832 3462 Rusticus
851 3418 946 3461 eram.
968 3397 1024 3460 Sed
1039 3393 1083 3453 lex
1096 3377 1155 3445 orti,
