2444 3972
43 3311 90 3340 ,λ’

42 3345 116 3400 ⁵⁴⁸

41 3379 102 3586 ξ’ῑτῗῑι,
143 3429 144 3432 ’
201 3412 350 3490 omnibus,
385 3414 434 3491 qui
459 3429 623 3472 sermonem
650 3428 737 3471 curae
764 3409 887 3489 habent,
920 3410 1008 3473 debet
1034 3425 1103 3466 esso
1131 3391 1210 3466 com!

115 3499 302 3562 timonis
336 3495 396 3558 Sed
417 3515 452 3559 ea
473 3505 504 3558 et
526 3498 600 3557 sciet
622 3497 731 3576 optime
749 3505 778 3556 et
798 3496 953 3575 eloquetur
974 3498 1089 3562 orator,
1112 3491 1197 3571 quis

129 293 130 300 3
197 210 218 272 4
510 220 547 267 ιι.
564 218 644 267 aaa
662 219 884 278 ournnrnrnnr
946 248 952 261 .

196 376 317 437 fundare
332 374 464 453 legibus,
487 375 641 435 emendare
656 375 769 436 iudiciis
786 375 896 453 possit
917 391 974 433 non
989 371 1062 431 alius
1079 369 1114 428 sit
1129 381 1187 446 pro·

92 523 93 526 ,
154 461 277 524 lllecto
298 477 382 538 quam
405 467 512 519 orator.
549 458 665 536 Quare
685 460 799 520 tametsi
820 469 866 518 me
886 460 981 518 fateor
1003 471 1115 515 usurum
1136 449 1187 530 qni-

196 543 332 645 busdam,
359 561 433 622 quae
454 543 701 623 philosophorum
721 542 804 608 libris
826 545 1024 616 continentur,
1046 548 1138 598 tamen
1160 550 1189 593 ea

196 631 259 688 iure
276 646 406 708 vereque
428 627 626 689 contenderim
649 647 716 688 esse
737 629 836 728 operis
859 629 952 688 nostri
968 623 1145 718 proprieque
1159 615 1210 688 ad

117 767 118 772 ,
153 722 288 777 laertem
303 715 458 774 oratoriam
473 714 632 792 pertinere.
662 712 719 788 An,
739 715 764 773 si
781 712 1016 792 frequentissime
1032 708 1067 768 de
1083 703 1189 776 iustitia,

197 797 382 874 fortitudine,
413 799 603 899 temperantia
637 799 803 877 ceterisque
837 796 977 858 similibus
1004 787 1190 854 disserendum

198 891 259 960 est,
282 883 356 944 adeo
371 892 402 943 ut
418 885 468 943 vix
483 881 543 943 nlla
557 881 652 962 possit
667 901 754 944 causa
771 882 911 961 reperiri,
933 882 963 942 in
981 894 1064 958 quam
1078 891 1133 934 non
1147 869 1210 931 ιιι·
1208 897 1210 956 ι

198 985 252 1046 qua
275 985 313 1026 ex
333 966 377 1026 his
399 967 507 1027 incidat
529 968 679 1044 quaestio,
704 984 797 1044 eaque
814 967 909 1025 omnia
929 963 1095 1025 inventione
1114 965 1210 1064 atque}

197 1051 366 1110 elocutione
392 1059 458 1109 sunt
481 1050 670 1128 explicanda:
694 1047 887 1126 dubitabitur,
910 1048 1074 1126 ubicunque
1094 1043 1136 1102 vis
1156 1041 1210 1098 in

196 1136 275 1212 genii
297 1143 326 1193 et
347 1137 432 1213 copia
454 1134 569 1195 dicendi
590 1133 772 1213 postulatur,
796 1133 836 1193 ibi
858 1141 957 1212 partes
984 1129 1108 1192 oratoris
1133 1129 1210 1238 ιιιιι1

154 1215 393 1299 ιιριιιιιριιιιι
416 1215 602 1297 Fueruntque
617 1217 708 1294 haec,
731 1227 763 1278 ut
784 1215 890 1278 Gicero
912 1217 1099 1297 apertissime
1119 1207 1191 1272 colli·
1207 1241 1210 1288 q

196 1304 249 1381 git,
267 1303 505 1383 quemadmodum
519 1305 616 1363 iuncta
630 1311 729 1363 natura
745 1303 788 1363 sic
804 1301 903 1363 cilicio
922 1318 1039 1381 quoque
1055 1295 1191 1376 copulata,
1163 1289 1210 1435 dp

166 1456 168 1459 ,
196 1387 324 1448 utiidem
338 1390 486 1466 sapientes
499 1395 585 1487 atque
602 1376 776 1466 eloquentes
788 1385 973 1448 haberentur.
996 1383 1087 1446 Scidit
1098 1375 1177 1444 deind
1179 1391 1192 1432 ι
1206 1407 1210 1460 q

197 1490 230 1531 se
254 1471 378 1532 studium
385 1481 505 1551 ,atque
527 1473 630 1531 inertia
646 1471 753 1531 lactum
775 1479 836 1547 est,
860 1479 891 1530 ut
912 1478 992 1530 artes
1015 1486 1084 1530 esse
1103 1463 1210 1546 plnres

196 1556 373 1617 viderentur.
410 1555 483 1616 Nam
506 1565 536 1616 ut
558 1557 678 1635 primum
700 1553 799 1633 lingua
821 1573 889 1614 esse
910 1556 1010 1633 coepit
1031 1555 1060 1613 in
1081 1553 1192 1640 quaestu

196 1642 413 1719 institutumque
429 1641 616 1720 eloquentiae
629 1639 713 1700 bonrs
728 1639 804 1700 male
820 1640 875 1698 uti:
900 1656 999 1699 curam
1012 1653 1137 1710 morum,
1153 1643 1193 1707 ιιι

154 1724 298 1785 ιιιιιιιιι
314 1723 509 1801 habebantur,
530 1725 721 1804 reliquerunt
753 1721 795 1784 lia
816 1740 888 1784 vero
909 1722 1048 1783 destituta
1069 1716 1193 1780 infirmio-

196 1808 307 1870 ribus
298 1811 422 1889 ingeniis
443 1810 524 1870 velut
546 1809 674 1888 praedae
692 1808 755 1868 luit.
789 1807 861 1868 Inde
883 1807 1014 1886 quidam,
1038 1793 1210 1940 contemptui

12 1871 52 2000 qh,
91 1901 94 1906 '
196 1893 414 1955 benedicendi
440 1893 560 1970 labore,
587 1894 622 1955 ad
647 1891 813 1954 formandos
841 1893 951 1954 aniruos
977 1889 1210 1992 statuendasque

196 1981 274 2040 vitae
290 1979 376 2054 leges
391 1980 522 2056 regressi
544 1986 657 2056 partem
676 1977 791 2054 quidem
806 1977 966 2055 potiorem,
988 1977 1014 2035 si
1033 1973 1120 2035 dividi
1134 1957 1210 2048 pot-l

198 2071 259 2138 set,
278 2065 473 2130 retinuerunt;
495 2078 600 2120 nomen
617 2070 712 2122 tamen
734 2059 789 2120 sibi
809 2059 1068 2128 insolentissimum
1087 2063 1210 2130 ursega-3

146 2217 169 2227 -
196 2108 315 2223 verbm,
337 2155 369 2206 ut
390 2147 447 2208 soli
469 2147 630 2226 sapientiae
650 2145 773 2205 studiosi
793 2152 989 2220 vocarentur,
1014 2143 1091 2244 qpod
1109 2149 1210 2226 aequm

197 2231 298 2294 summi
315 2231 507 2310 imperatores
532 2247 629 2309 neque
649 2231 677 2290 in
700 2229 829 2290 consiliis
850 2247 946 2289 rerum
965 2230 1150 2289 maximarum
1167 2229 1210 2300 ιιζ

197 2317 286 2376 totius
302 2314 548 2376 administratione
569 2317 612 2375 rei
628 2312 765 2393 publicae
781 2313 942 2375 clarissime
958 2313 1069 2373 versati
1085 2309 1138 2371 sibi
1152 2317 1210 2365 ιι·
1208 2333 1210 2374 ι

199 2417 283 2478 quarn
303 2399 452 2459 vindicare
473 2409 539 2458 sunt
561 2400 632 2458 ausi.
674 2397 787 2458 Facere
809 2400 884 2458 eninr
903 2397 1011 2476 optima
1035 2414 1118 2476 mam
1136 2404 1210 2471 pro·

87 2485 96 2550 'f'
156 2499 189 2553 15
198 2485 312 2544 mrttore
328 2481 499 2543 maluerunt.
526 2481 573 2543 Ac
593 2491 724 2541 veterum
745 2484 860 2560 quidem
875 2483 1038 2574 sapientiae
1054 2479 1210 2576 professo
1188 2485 1210 2515 ·*

28 2566 78 2665 '1³31
197 2587 260 2630 rum
274 2557 381 2628 multos
397 2576 427 2627 et
441 2566 565 2627 honesta
580 2566 771 2645 praecepisse
786 2575 826 2642 et,
841 2574 873 2625 ut
886 2561 1105 2644 praeceperint
1121 2525 1210 2622 etiam

196 2653 326 2728 vixisse,
353 2651 441 2712 lacile
468 2652 682 2719 concesserim
715 2651 824 2711 uostris
846 2667 918 2710 vero
946 2648 1127 2730 temporibus
1152 2639 1198 2703 sub

196 2737 256 2798 hoc
276 2737 391 2796 nomine
408 2738 529 2814 maxima
551 2738 580 2795 in
598 2735 750 2815 plerisque
770 2736 840 2796 vitia
862 2734 1016 2796 latuerunt.
1049 2733 1115 2794 Non
1132 2727 1210 2804 enim,

38 2819 91 2906 ιιι,
197 2823 304 2882 virtute
318 2837 354 2880 ac
370 2803 488 2897 studiis,
508 2829 539 2880 ut
553 2819 731 2881 haberentur
745 2818 930 2899 philosophi,
953 2817 1136 2892 laborabant,
1153 2805 1210 2873 sedi

197 2905 307 2966 vultum
331 2913 361 2964 et
380 2905 523 2965 tristitiam
545 2913 575 2964 et
594 2905 845 2966 dissentientema
865 2903 971 2964 ceteris
994 2903 1123 2964 habitum
1137 2912 1201 2979 pes·

38 2996 85 3077 {1
115 3043 116 3046 ,
155 3003 191 3058 16
200 3008 279 3050 sumus
300 2989 429 3050 moribus
450 2988 689 3069 praetendebant.
720 2987 801 3049 llaec
817 2996 929 3064 autem,
953 3005 1027 3066 qnae
1043 2987 1125 3049 uelut
1139 2996 1202 3079 pro·

42 3075 105 3159 *532³
198 3075 263 3154 pria
278 3072 482 3153 philosophiae
498 3081 682 3150 asseruntur,
698 3073 806 3152 passim
821 3079 976 3132 tractamus
992 3087 1105 3132 omnes.
1136 3064 1189 3142 Qut

34 3160 115 3242 off(
200 3159 275 3219 enim
297 3175 356 3217 non
377 3157 413 3219 de
434 3161 527 3234 insttr,
550 3174 646 3236 aequo
666 3175 701 3218 ac
720 3155 817 3231 bono,
839 3155 925 3215 modo
947 3172 1006 3216 non
1028 3163 1059 3215 et
1073 3157 1119 3216 vir
1139 3165 1193 3233 pes

30 3247 90 3308 ‘Le
200 3245 304 3321 simus,
332 3239 482 3322 loquitur?
504 3243 568 3322 quis
583 3258 641 3301 non
657 3243 742 3303 etiam
758 3241 932 3301 rusticorum
947 3237 1045 3319 aliqua
1060 3241 1097 3302 de
1112 3235 1191 3300 causi

200 3326 377 3390 naturalibus
393 3323 527 3406 quaerit?
549 3344 614 3386 nam
634 3325 790 3387 verborum
811 3326 977 3406 proprietas
995 3342 1030 3386 ac
1046 3321 1210 3388 differentia
