2444 3972
391 245 480 293 insu.
495 245 799 316 enumeremus.
1053 245 1092 305 45

84 401 310 482 prehenduntur
333 417 349 459 a
372 400 504 459 curiosis.
537 399 583 460 Ex
600 419 657 480 quo
674 404 740 463 milri
762 407 836 466 inter
858 409 979 469 virtutes
999 429 1092 488 gram

84 487 187 546 matici
212 482 368 545 habebitur
390 483 485 562 aliqua
507 487 632 544 nescire.

370 637 413 686 Du
432 637 558 688 orricio
578 638 793 692 GRAMMATICI.

176 732 228 794 lX.
266 732 303 792 Et
326 733 422 794 linitae
447 736 562 814 quidem
586 746 652 796 sunt
678 748 777 818 partes
805 741 898 818 duae,
923 761 994 822 quas
1017 745 1091 807 haec

85 819 239 900 professio
262 817 436 894 pollicetur,
460 819 490 878 id
516 829 561 880 est
580 824 653 880 ratio
677 823 814 901 loquendi
836 834 865 884 et
882 831 1026 888 enarratio
1043 849 1090 890 au·

1 936 2 956 i
87 913 218 976 ctorem,
243 918 362 979 quarum
387 901 466 962 illam
489 905 677 968 methodicen
698 907 772 968 hanc
794 909 959 972 historicen
973 923 1089 974 vocant.

1 1047 2 1068 ,
86 987 267 1047 Adiiciamus
288 994 383 1044 tamen
405 1004 505 1045 eorum
524 1006 611 1048 curae
631 991 772 1068 quaedam
790 992 904 1053 dicendi
923 996 1088 1074 primordie,

87 1070 194 1150 quibus
212 1078 324 1129 aetates
342 1070 466 1130 nondum
483 1071 631 1132 rhetorem
647 1077 797 1153 capientes
814 1077 971 1138 instituant.
1000 1079 1113 1158 lgitur2

86 1155 203 1232 Aesopi
221 1152 363 1228 fabellas,
389 1170 463 1231 quae
485 1155 590 1215 iahulis
610 1160 815 1220 nutricularum
833 1163 966 1238 proxime
985 1183 1096 1226 succes

82 1239 175 1313 dunt,
199 1254 317 1297 narrare
340 1255 475 1298 sermone
498 1257 571 1317 puro
594 1250 622 1301 et
644 1241 713 1302 nilril
735 1261 768 1302 se
791 1261 878 1322 supra
901 1246 1017 1308 modsse
1036 1263 1094 1307 nen

87 1323 229 1397 tollente,
258 1321 362 1380 deinde
389 1323 510 1382 eandem
533 1325 726 1402 gracilitatem
752 1327 820 1387 stilo
843 1330 890 1390 eri
910 1341 1019 1409 potest.

1 1435 2 1476 ς
87 1415 186 1474 scunt:
204 1423 305 1464 versus
319 1407 410 1484 primo
426 1407 560 1484 solvere,
577 1427 644 1470 mox
656 1412 769 1471 mutatis
783 1431 801 1447 .,
837 1412 843 1420 '

1 1495 2 1498 ’
87 1501 148 1553 tum
169 1489 337 1569 paraphrasi
360 1490 497 1551 audacius
516 1502 633 1554 vertere
660 1520 687 1538 a·

89 1585 119 1636 et
143 1591 285 1635 exornare
311 1573 393 1633 salvo
420 1576 559 1647 modaruio
582 1590 712 1641 veterum
734 1591 867 1660 poteram
887 1600 954 1643 esse
975 1587 1119 1643 conten-9

89 1678 165 1740 opus
180 1660 262 1719 etiam
280 1672 485 1741 consumperat
507 1667 671 1725 musicen
695 1663 741 1744 (ut
770 1666 806 1726 de
829 1666 884 1726 hae
909 1669 1029 1745 primum
1050 1667 1093 1727 lo·

1 1781 2 1820 ,
90 1743 385 1818 circumdecerem
405 1748 462 1808 illis
480 1751 603 1828 antiquis
623 1749 801 1828 temporibus
818 1766 875 1810 non
898 1751 984 1810 studii
1006 1751 1092 1810 modo

1 1869 2 1886 t
91 1839 121 1890 et
143 1827 296 1915 chrismam
312 1833 508 1891 venerationis
525 1832 674 1910 habuisse,
694 1842 724 1892 ut
740 1833 827 1893 iidem
846 1837 947 1894 musici
964 1843 993 1894 et
1009 1844 1092 1894 vates

1 1977 2 1986 ,
90 1913 292 1999 grmprenres
310 1914 504 1977 iudicarentur
527 1917 650 1994 (mittam
667 1917 758 1996 alios)
784 1916 918 1995 Orpheus
941 1927 970 1976 et
990 1917 1092 1987 Linus;

1 1997 2 2091 l
90 1993 215 2085 quopim
236 2009 385 2079 utrumque
408 2001 462 2060 diis
482 2001 627 2078 genitum,
653 2001 775 2062 alterum
796 2019 888 2077 vero,
917 2003 982 2079 quia
1004 2002 1092 2062 rudes

1 2105 2 2159 t
92 2091 137 2142 ten
153 2085 211 2163 'que
234 2095 320 2163 atque
347 2094 481 2163 agrestes
507 2087 617 2145 animos
640 2086 829 2145 admiratione
852 2085 1010 2162 mulceret,
1035 2103 1092 2146 non

92 2164 115 2226 ll
161 2187 174 2228 s
201 2170 285 2230 modo
310 2169 363 2230 sed
390 2187 461 2228 saxa
490 2173 577 2229 etiam
600 2169 748 2248 silvasque
771 2171 889 2229 duxisse
911 2171 1091 2247 posteritatis

88 2241 248 2329 quinquae
268 2254 401 2315 traditum
420 2262 474 2313 est.
504 2253 606 2332 ltaque
633 2253 807 2330 Timagenes
827 2262 1007 2326 auctorest,
1034 2269 1092 2312 om·
1100 2261 1134 2312 10

1 2392 3 2414 ‚
144 2357 170 2398 nr
192 2341 219 2398 in
240 2338 343 2398 litteris
366 2338 525 2398 studiorum
550 2339 774 2415 antiquissimam
796 2338 926 2396 musicen
948 2337 1091 2414 extitisse,

1 2425 2 2428 ’
146 2425 306 2484 testimonio
333 2430 398 2481 sunt
423 2421 575 2482 clarissimi
601 2429 725 2500 poetae,
756 2421 832 2500 apud
855 2437 929 2499 quos
951 2423 1025 2480 inter
1045 2439 1092 2480 re·

114 2509 170 2568 elia
189 2508 320 2568 convivia
337 2507 438 2569 laudes
457 2506 578 2566 heroum
601 2505 774 2566 acdeorum
794 2509 829 2567 ad
850 2505 989 2566 citharam
1007 2501 1112 2565 cane·'

76 2522 202 2670 dhantur.
225 2589 313 2672 Iopas
328 2609 399 2651 vero
415 2589 464 2650 ille
476 2590 600 2668 Vergilii
614 2608 709 2649 nonne
722 2591 805 2651 cauit
820 2595 974 2650 errantem
988 2590 1092 2650 tunam

62 2673 80 2774 s
93 2679 225 2756 surdisque
247 2676 371 2738 iabores
390 2683 419 2734 et
435 2672 556 2735 cetera?
594 2673 704 2748 Quibus
728 2683 808 2733 certe
831 2673 927 2752 palam
943 2672 1093 2733 confirmat

58 2799 63 2831 :
94 2772 194 2824 auctor
212 2761 468 2835 eminentissimus,
489 2761 626 2819 musicen
638 2775 701 2817 cum
721 2757 879 2817 divinarum
898 2759 983 2818 etiam
996 2775 1093 2817 rerum

93 2848 260 2925 cognitione
279 2863 345 2904 esse
365 2845 555 2902 coniunctam.
589 2841 674 2915 Quod
691 2843 716 2900 si
735 2842 832 2917 datur,
852 2842 907 2901 erit
924 2843 1010 2901 etiam
1027 2847 1133 2900 ora-ll

91 2935 148 2994 tori
170 2930 350 2990 necessaria.
384 2926 532 3006 Siquidem
556 2928 601 3006 (ut
620 2926 757 3005 diximus)
780 2925 854 2984 haec
873 2942 989 3004 quoque
1013 2943 1091 3006 pars,

91 3035 166 3095 quae
187 3014 223 3074 ab
248 3011 411 3074 oratoribus
434 3012 538 3071 relicta
556 3030 572 3071 a
592 3009 774 3089 philosophis
792 3019 837 3068 est
860 3020 1018 3089 occupata,
1042 3026 1093 3068 no-

90 3102 143 3160 stri
162 3100 261 3177 operis
282 3097 350 3172 fuit,
375 3114 409 3156 ac
431 3097 494 3154 sine
517 3097 640 3154 omnium
661 3095 760 3154 talium
778 3095 900 3153 scientia
919 3111 977 3154 non
994 3101 1094 3174 potest

34 3203 38 3261 g
144 3203 160 3243 e
182 3182 316 3263 perfecta
339 3177 516 3259 eloquentia.
556 3179 652 3258 Atque
676 3179 773 3239 claros
796 3181 911 3238 nomine
933 3180 1134 3257 sapientiaeln

35 3270 39 3336 ζ
144 3285 187 3343 rs,
203 3283 294 3331 ‚nemo
313 3265 503 3340 dubitaverit,
526 3264 673 3323 studiosos
692 3265 818 3322 musices
837 3263 942 3332 inisse;
962 3282 1025 3323 cum
1037 3262 1090 3336 Py·

34 3358 40 3442 ,
141 3369 232 3430 geres
255 3359 341 3428 atque
365 3366 429 3408 eum
449 3350 542 3408 secuti
568 3357 720 3426 acceptam
743 3349 805 3406 sine
828 3347 914 3408 dubio
937 3348 1090 3426 antiquitus

34 3462 39 3475 ¹
144 3433 486 3511 nionemuulgaverint,
516 3431 649 3491 mundum
674 3434 767 3511 ipsum
788 3433 900 3491 ratione
923 3449 989 3490 esse
1013 3447 1091 3491 com-

150 3523 238 3596 itum,
265 3535 348 3596 quam
365 3527 470 3597 postea
490 3519 527 3576 sit
545 3516 607 3592 lyra
629 3518 753 3585 imitata;
779 3534 835 3574 nec
851 3516 902 3575 illa
918 3515 1004 3575 modo
1024 3531 1091 3574 con·

28 3574 35 3697 p
