<?xml version="1.0" encoding="UTF-8"?>
<!DOCTYPE html PUBLIC "-//W3C//DTD XHTML 1.0 Transitional//EN"
    "http://www.w3.org/TR/xhtml1/DTD/xhtml1-transitional.dtd">
<html xmlns="http://www.w3.org/1999/xhtml" xml:lang="en" lang="en">
 <head>
  <title>
</title>
<meta http-equiv="Content-Type" content="text/html;charset=utf-8" />
  <meta name='ocr-system' content='tesseract 3.04.00' />
  <meta name='ocr-capabilities' content='ocr_page ocr_carea ocr_par ocr_line ocrx_word'/>
</head>
<body>
  <div class='ocr_page' id='page_1' title='image "./mfabiiquintilia04quingoog_0495.png"; bbox 0 0 2494 3952; ppageno 0'>
   <div class='ocr_carea' id='block_1_1' title="bbox 173 107 1226 256">
    <p class='ocr_par' dir='ltr' id='par_1_1' title="bbox 173 107 1226 256">
     <span class='ocr_line' id='line_1_1' title="bbox 173 107 1226 256; baseline -0.006 -26"><span class='ocrx_word' id='word_1_1' title='bbox 173 169 235 232; x_wconf 82' lang='lat'><strong>210</strong></span> <span class='ocrx_word' id='word_1_2' title='bbox 491 181 528 228; x_wconf 88' lang='lat' dir='ltr'><strong>u.</strong></span> <span class='ocrx_word' id='word_1_3' title='bbox 541 179 620 227; x_wconf 76' lang='lat' dir='ltr'><strong>uun.</strong></span> <span class='ocrx_word' id='word_1_4' title='bbox 636 177 857 240; x_wconf 82' lang='lat' dir='ltr'><strong>qururrnmru</strong></span> <span class='ocrx_word' id='word_1_5' title='bbox 1223 107 1226 256; x_wconf 63' lang='lat' dir='ltr'><strong>h</strong></span> 
     </span>
    </p>
   </div>
   <div class='ocr_carea' id='block_1_2' title="bbox 105 332 1229 3508">
    <p class='ocr_par' dir='ltr' id='par_1_2' title="bbox 146 332 1227 1504">
     <span class='ocr_line' id='line_1_2' title="bbox 174 332 1174 414; baseline 0.001 -17"><span class='ocrx_word' id='word_1_6' title='bbox 174 337 317 398; x_wconf 87' lang='lat' dir='ltr'><strong>actionem</strong></span> <span class='ocrx_word' id='word_1_7' title='bbox 342 332 447 398; x_wconf 87' lang='lat' dir='ltr'><strong>Cicero</strong></span> <span class='ocrx_word' id='word_1_8' title='bbox 477 333 547 396; x_wconf 90' lang='lat' dir='ltr'><strong>alias</strong></span> <span class='ocrx_word' id='word_1_9' title='bbox 577 334 668 412; x_wconf 83' lang='lat' dir='ltr'><strong>quoei</strong></span> <span class='ocrx_word' id='word_1_10' title='bbox 689 351 858 398; x_wconf 79' lang='lat' dir='ltr'><strong>sermonem</strong></span> <span class='ocrx_word' id='word_1_11' title='bbox 881 333 953 394; x_wconf 86' lang='lat' dir='ltr'><strong>alies</strong></span> <span class='ocrx_word' id='word_1_12' title='bbox 980 334 1174 414; x_wconf 71' lang='lat' dir='ltr'><strong>eloquentiam</strong></span> 
     </span>
     <span class='ocr_line' id='line_1_3' title="bbox 174 415 1175 498; baseline -0.002 -16"><span class='ocrx_word' id='word_1_13' title='bbox 174 420 331 498; x_wconf 86' lang='lat' dir='ltr'><strong>quondam</strong></span> <span class='ocrx_word' id='word_1_14' title='bbox 346 417 487 496; x_wconf 81' lang='lat' dir='ltr'><strong>corporis</strong></span> <span class='ocrx_word' id='word_1_15' title='bbox 502 417 581 480; x_wconf 87' lang='lat' dir='ltr'><strong>dicit.</strong></span> <span class='ocrx_word' id='word_1_16' title='bbox 610 415 689 480; x_wconf 86' lang='lat' dir='ltr'><strong>idem</strong></span> <span class='ocrx_word' id='word_1_17' title='bbox 707 425 802 478; x_wconf 86' lang='lat' dir='ltr'><strong>tamen</strong></span> <span class='ocrx_word' id='word_1_18' title='bbox 820 415 891 478; x_wconf 91' lang='lat' dir='ltr'><strong>duas</strong></span> <span class='ocrx_word' id='word_1_19' title='bbox 908 418 971 478; x_wconf 92' lang='lat' dir='ltr'><strong>eius</strong></span> <span class='ocrx_word' id='word_1_20' title='bbox 986 427 1084 497; x_wconf 92' lang='lat' dir='ltr'><strong>partes</strong></span> <span class='ocrx_word' id='word_1_21' title='bbox 1098 419 1175 496; x_wconf 84' lang='lat' dir='ltr'><strong>iacit,</strong></span> 
     </span>
     <span class='ocr_line' id='line_1_4' title="bbox 174 497 1164 584; baseline -0.002 -20"><span class='ocrx_word' id='word_1_22' title='bbox 174 521 249 584; x_wconf 90' lang='lat' dir='ltr'><strong>quae</strong></span> <span class='ocrx_word' id='word_1_23' title='bbox 261 510 326 564; x_wconf 90' lang='lat' dir='ltr'><strong>sunt</strong></span> <span class='ocrx_word' id='word_1_24' title='bbox 341 501 461 562; x_wconf 79' lang='lat' dir='ltr'><strong>eaedem</strong></span> <span class='ocrx_word' id='word_1_25' title='bbox 475 497 723 580; x_wconf 80' lang='lat' dir='ltr'><strong>pronuntiationis,</strong></span> <span class='ocrx_word' id='word_1_26' title='bbox 743 517 848 562; x_wconf 90' lang='lat' dir='ltr'><strong>vocem</strong></span> <span class='ocrx_word' id='word_1_27' title='bbox 861 509 948 582; x_wconf 89' lang='lat' dir='ltr'><strong>atque</strong></span> <span class='ocrx_word' id='word_1_28' title='bbox 962 510 1079 562; x_wconf 91' lang='lat' dir='ltr'><strong>motum.</strong></span> <span class='ocrx_word' id='word_1_29' title='bbox 1104 503 1164 576; x_wconf 81' lang='lat' dir='ltr'><strong>Qua</strong></span> 
     </span>
     <span class='ocr_line' id='line_1_5' title="bbox 146 581 1226 672; baseline -0.004 -22"><span class='ocrx_word' id='word_1_30' title='bbox 146 596 295 672; x_wconf 75' lang='lat' dir='ltr'><strong>tpropter</strong></span> <span class='ocrx_word' id='word_1_31' title='bbox 319 595 441 664; x_wconf 88' lang='lat' dir='ltr'><strong>utraque</strong></span> <span class='ocrx_word' id='word_1_32' title='bbox 463 581 661 664; x_wconf 77' lang='lat' dir='ltr'><strong>appellatione</strong></span> <span class='ocrx_word' id='word_1_33' title='bbox 683 583 881 646; x_wconf 81' lang='lat' dir='ltr'><strong>indifferenter</strong></span> <span class='ocrx_word' id='word_1_34' title='bbox 905 585 946 644; x_wconf 90' lang='lat' dir='ltr'><strong>uti</strong></span> <span class='ocrx_word' id='word_1_35' title='bbox 972 585 1050 646; x_wconf 91' lang='lat' dir='ltr'><strong>licet.</strong></span> <span class='ocrx_word' id='word_1_36' title='bbox 1086 585 1178 647; x_wconf 87' lang='lat' dir='ltr'><strong>liabet</strong></span> <span class='ocrx_word' id='word_1_37' title='bbox 1225 583 1226 632; x_wconf 74' lang='lat' dir='ltr'><strong>l</strong></span> 
     </span>
     <span class='ocr_line' id='line_1_6' title="bbox 174 659 1226 749; baseline -0.001 -18"><span class='ocrx_word' id='word_1_38' title='bbox 174 680 269 732; x_wconf 90' lang='lat' dir='ltr'><strong>autem</strong></span> <span class='ocrx_word' id='word_1_39' title='bbox 283 687 332 730; x_wconf 91' lang='lat' dir='ltr'><strong>res</strong></span> <span class='ocrx_word' id='word_1_40' title='bbox 348 669 411 747; x_wconf 88' lang='lat' dir='ltr'><strong>ipsa</strong></span> <span class='ocrx_word' id='word_1_41' title='bbox 426 669 524 730; x_wconf 88' lang='lat' dir='ltr'><strong>miram</strong></span> <span class='ocrx_word' id='word_1_42' title='bbox 537 670 677 746; x_wconf 90' lang='lat' dir='ltr'><strong>quandam</strong></span> <span class='ocrx_word' id='word_1_43' title='bbox 693 667 722 728; x_wconf 91' lang='lat' dir='ltr'><strong>iu</strong></span> <span class='ocrx_word' id='word_1_44' title='bbox 740 667 918 728; x_wconf 91' lang='lat' dir='ltr'><strong>orationibus</strong></span> <span class='ocrx_word' id='word_1_45' title='bbox 930 669 986 728; x_wconf 86' lang='lat' dir='ltr'><strong>vim</strong></span> <span class='ocrx_word' id='word_1_46' title='bbox 1002 687 1038 730; x_wconf 92' lang='lat' dir='ltr'><strong>ac</strong></span> <span class='ocrx_word' id='word_1_47' title='bbox 1053 678 1179 749; x_wconf 86' lang='lat' dir='ltr'><strong>potesta·</strong></span> <span class='ocrx_word' id='word_1_48' title='bbox 1225 659 1226 710; x_wconf 70' lang='lat' dir='ltr'><strong>l</strong></span> 
     </span>
     <span class='ocr_line' id='line_1_7' title="bbox 174 749 1197 832; baseline -0.005 -15"><span class='ocrx_word' id='word_1_49' title='bbox 174 765 245 823; x_wconf 88' lang='lat' dir='ltr'><strong>tem;</strong></span> <span class='ocrx_word' id='word_1_50' title='bbox 266 770 362 832; x_wconf 91' lang='lat' dir='ltr'><strong>neque</strong></span> <span class='ocrx_word' id='word_1_51' title='bbox 380 753 455 814; x_wconf 90' lang='lat' dir='ltr'><strong>enim</strong></span> <span class='ocrx_word' id='word_1_52' title='bbox 470 759 526 814; x_wconf 88' lang='lat' dir='ltr'><strong>tarn</strong></span> <span class='ocrx_word' id='word_1_53' title='bbox 544 751 651 828; x_wconf 84' lang='lat' dir='ltr'><strong>refert,</strong></span> <span class='ocrx_word' id='word_1_54' title='bbox 678 749 775 831; x_wconf 91' lang='lat' dir='ltr'><strong>qualia</strong></span> <span class='ocrx_word' id='word_1_55' title='bbox 790 751 862 829; x_wconf 85' lang='lat' dir='ltr'><strong>sint,</strong></span> <span class='ocrx_word' id='word_1_56' title='bbox 887 769 961 832; x_wconf 87' lang='lat' dir='ltr'><strong>quae</strong></span> <span class='ocrx_word' id='word_1_57' title='bbox 977 751 1051 812; x_wconf 89' lang='lat' dir='ltr'><strong>intra</strong></span> <span class='ocrx_word' id='word_1_58' title='bbox 1068 763 1197 826; x_wconf 51' lang='lat' dir='ltr'><strong>nosmet,</strong></span> 
     </span>
     <span class='ocr_line' id='line_1_8' title="bbox 173 833 1179 918; baseline -0.001 -20"><span class='ocrx_word' id='word_1_59' title='bbox 173 843 254 918; x_wconf 87' lang='lat' dir='ltr'><strong>ipsos</strong></span> <span class='ocrx_word' id='word_1_60' title='bbox 272 837 497 917; x_wconf 75' lang='lat' dir='ltr'><strong>composuimus,</strong></span> <span class='ocrx_word' id='word_1_61' title='bbox 516 852 601 914; x_wconf 84' lang='lat' dir='ltr'><strong>quam</strong></span> <span class='ocrx_word' id='word_1_62' title='bbox 616 833 773 914; x_wconf 88' lang='lat' dir='ltr'><strong>quomodo</strong></span> <span class='ocrx_word' id='word_1_63' title='bbox 789 835 960 904; x_wconf 71' lang='lat' dir='ltr'><strong>ederantum</strong></span> <span class='ocrx_word' id='word_1_64' title='bbox 977 853 1040 897; x_wconf 91' lang='lat' dir='ltr'><strong>nam</strong></span> <span class='ocrx_word' id='word_1_65' title='bbox 1052 838 1091 897; x_wconf 86' lang='lat' dir='ltr'><strong>ita</strong></span> <span class='ocrx_word' id='word_1_66' title='bbox 1104 840 1179 916; x_wconf 90' lang='lat' dir='ltr'><strong>quis·</strong></span> 
     </span>
     <span class='ocr_line' id='line_1_9' title="bbox 174 918 1180 1003; baseline -0.001 -21"><span class='ocrx_word' id='word_1_67' title='bbox 174 941 248 1003; x_wconf 87' lang='lat' dir='ltr'><strong>que,</strong></span> <span class='ocrx_word' id='word_1_68' title='bbox 270 930 302 980; x_wconf 93' lang='lat' dir='ltr'><strong>ut</strong></span> <span class='ocrx_word' id='word_1_69' title='bbox 321 920 416 996; x_wconf 91' lang='lat' dir='ltr'><strong>audit,</strong></span> <span class='ocrx_word' id='word_1_70' title='bbox 438 928 579 980; x_wconf 88' lang='lat' dir='ltr'><strong>movetur.</strong></span> <span class='ocrx_word' id='word_1_71' title='bbox 615 919 711 994; x_wconf 80' lang='lat' dir='ltr'><strong>Quare</strong></span> <span class='ocrx_word' id='word_1_72' title='bbox 732 935 828 998; x_wconf 89' lang='lat' dir='ltr'><strong>neque</strong></span> <span class='ocrx_word' id='word_1_73' title='bbox 850 918 983 998; x_wconf 89' lang='lat' dir='ltr'><strong>probatio</strong></span> <span class='ocrx_word' id='word_1_74' title='bbox 1001 919 1077 996; x_wconf 89' lang='lat' dir='ltr'><strong>ulla,</strong></span> <span class='ocrx_word' id='word_1_75' title='bbox 1107 939 1180 1000; x_wconf 92' lang='lat' dir='ltr'><strong>quae</strong></span> 
     </span>
     <span class='ocr_line' id='line_1_10' title="bbox 172 1001 1180 1081; baseline -0.002 -15"><span class='ocrx_word' id='word_1_76' title='bbox 172 1005 258 1066; x_wconf 90' lang='lat' dir='ltr'><strong>modo</strong></span> <span class='ocrx_word' id='word_1_77' title='bbox 273 1005 353 1064; x_wconf 90' lang='lat' dir='ltr'><strong>venit</strong></span> <span class='ocrx_word' id='word_1_78' title='bbox 372 1001 408 1066; x_wconf 91' lang='lat' dir='ltr'><strong>ab</strong></span> <span class='ocrx_word' id='word_1_79' title='bbox 424 1012 558 1078; x_wconf 89' lang='lat' dir='ltr'><strong>oratore,</strong></span> <span class='ocrx_word' id='word_1_80' title='bbox 585 1012 641 1062; x_wconf 92' lang='lat' dir='ltr'><strong>tam</strong></span> <span class='ocrx_word' id='word_1_81' title='bbox 660 1001 739 1064; x_wconf 85' lang='lat' dir='ltr'><strong>firma</strong></span> <span class='ocrx_word' id='word_1_82' title='bbox 761 1011 820 1078; x_wconf 88' lang='lat' dir='ltr'><strong>est,</strong></span> <span class='ocrx_word' id='word_1_83' title='bbox 845 1011 876 1061; x_wconf 93' lang='lat' dir='ltr'><strong>ut</strong></span> <span class='ocrx_word' id='word_1_84' title='bbox 898 1019 954 1062; x_wconf 90' lang='lat' dir='ltr'><strong>nou</strong></span> <span class='ocrx_word' id='word_1_85' title='bbox 976 1005 1080 1081; x_wconf 81' lang='lat' dir='ltr'><strong>perdat</strong></span> <span class='ocrx_word' id='word_1_86' title='bbox 1103 1006 1180 1064; x_wconf 88' lang='lat' dir='ltr'><strong>vires</strong></span> 
     </span>
     <span class='ocr_line' id='line_1_11' title="bbox 173 1085 1227 1164; baseline 0.002 -14"><span class='ocrx_word' id='word_1_87' title='bbox 173 1107 259 1164; x_wconf 91' lang='lat' dir='ltr'><strong>suas,</strong></span> <span class='ocrx_word' id='word_1_88' title='bbox 282 1088 336 1148; x_wconf 87' lang='lat' dir='ltr'><strong>nisi</strong></span> <span class='ocrx_word' id='word_1_89' title='bbox 359 1087 509 1148; x_wconf 90' lang='lat' dir='ltr'><strong>adiuvatur</strong></span> <span class='ocrx_word' id='word_1_90' title='bbox 530 1086 748 1147; x_wconf 79' lang='lat' dir='ltr'><strong>asseveratione</strong></span> <span class='ocrx_word' id='word_1_91' title='bbox 771 1086 903 1146; x_wconf 87' lang='lat' dir='ltr'><strong>dicentis.</strong></span> <span class='ocrx_word' id='word_1_92' title='bbox 934 1085 1068 1148; x_wconf 81' lang='lat' dir='ltr'><strong>Atieotus</strong></span> <span class='ocrx_word' id='word_1_93' title='bbox 1090 1091 1178 1148; x_wconf 90' lang='lat' dir='ltr'><strong>omnis</strong></span> <span class='ocrx_word' id='word_1_94' title='bbox 1225 1145 1227 1152; x_wconf 91' lang='lat'><em>.</em></span> 
     </span>
     <span class='ocr_line' id='line_1_12' title="bbox 173 1168 1179 1252; baseline -0.004 -18"><span class='ocrx_word' id='word_1_95' title='bbox 173 1173 345 1250; x_wconf 77' lang='lat' dir='ltr'><strong>languescat</strong></span> <span class='ocrx_word' id='word_1_96' title='bbox 362 1188 487 1233; x_wconf 90' lang='lat' dir='ltr'><strong>necesse</strong></span> <span class='ocrx_word' id='word_1_97' title='bbox 506 1178 567 1245; x_wconf 90' lang='lat' dir='ltr'><strong>est,</strong></span> <span class='ocrx_word' id='word_1_98' title='bbox 583 1169 637 1230; x_wconf 91' lang='lat' dir='ltr'><strong>nisi</strong></span> <span class='ocrx_word' id='word_1_99' title='bbox 654 1186 745 1245; x_wconf 89' lang='lat' dir='ltr'><strong>voce,</strong></span> <span class='ocrx_word' id='word_1_100' title='bbox 761 1168 857 1246; x_wconf 87' lang='lat' dir='ltr'><strong>vultu,</strong></span> <span class='ocrx_word' id='word_1_101' title='bbox 874 1171 961 1230; x_wconf 90' lang='lat' dir='ltr'><strong>totius</strong></span> <span class='ocrx_word' id='word_1_102' title='bbox 976 1187 1071 1252; x_wconf 86' lang='lat' dir='ltr'><strong>propo</strong></span> <span class='ocrx_word' id='word_1_103' title='bbox 1084 1171 1179 1232; x_wconf 90' lang='lat' dir='ltr'><strong>habitu</strong></span> 
     </span>
     <span class='ocr_line' id='line_1_13' title="bbox 146 1251 1179 1334; baseline -0.004 -16"><span class='ocrx_word' id='word_1_104' title='bbox 146 1258 306 1334; x_wconf 76' lang='lat' dir='ltr'><strong>acorporis</strong></span> <span class='ocrx_word' id='word_1_105' title='bbox 321 1255 495 1316; x_wconf 89' lang='lat' dir='ltr'><strong>inardescat.</strong></span> <span class='ocrx_word' id='word_1_106' title='bbox 521 1251 594 1314; x_wconf 88' lang='lat' dir='ltr'><strong>Nam</strong></span> <span class='ocrx_word' id='word_1_107' title='bbox 610 1271 673 1314; x_wconf 90' lang='lat' dir='ltr'><strong>oum</strong></span> <span class='ocrx_word' id='word_1_108' title='bbox 688 1253 763 1314; x_wconf 86' lang='lat' dir='ltr'><strong>baeu</strong></span> <span class='ocrx_word' id='word_1_109' title='bbox 779 1255 872 1316; x_wconf 89' lang='lat' dir='ltr'><strong>omnia</strong></span> <span class='ocrx_word' id='word_1_110' title='bbox 887 1254 1058 1314; x_wconf 83' lang='lat' dir='ltr'><strong>fecerimus:</strong></span> <span class='ocrx_word' id='word_1_111' title='bbox 1077 1255 1179 1316; x_wconf 88' lang='lat' dir='ltr'><strong>ielices</strong></span> 
     </span>
     <span class='ocr_line' id='line_1_14' title="bbox 173 1330 1180 1416; baseline -0.001 -16"><span class='ocrx_word' id='word_1_112' title='bbox 173 1349 284 1416; x_wconf 89' lang='lat' dir='ltr'><strong>tamen,</strong></span> <span class='ocrx_word' id='word_1_113' title='bbox 301 1341 326 1399; x_wconf 90' lang='lat' dir='ltr'><strong>si</strong></span> <span class='ocrx_word' id='word_1_114' title='bbox 343 1347 471 1398; x_wconf 90' lang='lat' dir='ltr'><strong>nostrum</strong></span> <span class='ocrx_word' id='word_1_115' title='bbox 487 1337 564 1397; x_wconf 90' lang='lat' dir='ltr'><strong>illum</strong></span> <span class='ocrx_word' id='word_1_116' title='bbox 580 1330 676 1414; x_wconf 80' lang='lat' dir='ltr'><strong>iguem</strong></span> <span class='ocrx_word' id='word_1_117' title='bbox 691 1335 779 1397; x_wconf 85' lang='lat' dir='ltr'><strong>iudex</strong></span> <span class='ocrx_word' id='word_1_118' title='bbox 794 1339 979 1416; x_wconf 89' lang='lat' dir='ltr'><strong>conceperit;</strong></span> <span class='ocrx_word' id='word_1_119' title='bbox 995 1337 1100 1399; x_wconf 90' lang='lat' dir='ltr'><strong>nedum</strong></span> <span class='ocrx_word' id='word_1_120' title='bbox 1118 1357 1180 1399; x_wconf 93' lang='lat' dir='ltr'><strong>eum</strong></span> 
     </span>
     <span class='ocr_line' id='line_1_15' title="bbox 173 1422 1179 1504; baseline 0 -22"><span class='ocrx_word' id='word_1_121' title='bbox 173 1424 267 1504; x_wconf 90' lang='lat' dir='ltr'><strong>supini</strong></span> <span class='ocrx_word' id='word_1_122' title='bbox 289 1424 444 1500; x_wconf 92' lang='lat' dir='ltr'><strong>securique</strong></span> <span class='ocrx_word' id='word_1_123' title='bbox 465 1435 648 1498; x_wconf 80' lang='lat' dir='ltr'><strong>moveamus,</strong></span> <span class='ocrx_word' id='word_1_124' title='bbox 673 1439 708 1482; x_wconf 88' lang='lat' dir='ltr'><strong>ac</strong></span> <span class='ocrx_word' id='word_1_125' title='bbox 729 1437 787 1482; x_wconf 91' lang='lat' dir='ltr'><strong>uon</strong></span> <span class='ocrx_word' id='word_1_126' title='bbox 807 1422 871 1499; x_wconf 87' lang='lat' dir='ltr'><strong>ipse</strong></span> <span class='ocrx_word' id='word_1_127' title='bbox 892 1430 990 1480; x_wconf 90' lang='lat' dir='ltr'><strong>nostra</strong></span> <span class='ocrx_word' id='word_1_128' title='bbox 1009 1424 1179 1482; x_wconf 79' lang='lat' dir='ltr'><strong>oscitatione</strong></span> 
     </span>
    </p>

    <p class='ocr_par' dir='ltr' id='par_1_3' title="bbox 145 1503 1228 1834">
     <span class='ocr_line' id='line_1_16' title="bbox 145 1503 1228 1586; baseline -0.004 -18"><span class='ocrx_word' id='word_1_129' title='bbox 145 1504 314 1568; x_wconf 72' lang='lat' dir='ltr'><strong>asolvatur.</strong></span> <span class='ocrx_word' id='word_1_130' title='bbox 345 1504 527 1566; x_wconf 86' lang='lat' dir='ltr'><strong>Documento</strong></span> <span class='ocrx_word' id='word_1_131' title='bbox 545 1513 610 1563; x_wconf 89' lang='lat' dir='ltr'><strong>sunt</strong></span> <span class='ocrx_word' id='word_1_132' title='bbox 625 1503 674 1564; x_wconf 94' lang='lat' dir='ltr'><strong>vel</strong></span> <span class='ocrx_word' id='word_1_133' title='bbox 689 1505 798 1564; x_wconf 89' lang='lat' dir='ltr'><strong>scenici</strong></span> <span class='ocrx_word' id='word_1_134' title='bbox 814 1513 941 1578; x_wconf 88' lang='lat' dir='ltr'><strong>actores,</strong></span> <span class='ocrx_word' id='word_1_135' title='bbox 956 1507 1005 1583; x_wconf 92' lang='lat' dir='ltr'><strong>qui</strong></span> <span class='ocrx_word' id='word_1_136' title='bbox 1020 1515 1049 1564; x_wconf 91' lang='lat' dir='ltr'><strong>et</strong></span> <span class='ocrx_word' id='word_1_137' title='bbox 1066 1507 1180 1585; x_wconf 88' lang='lat' dir='ltr'><strong>optimis</strong></span> <span class='ocrx_word' id='word_1_138' title='bbox 1227 1557 1228 1586; x_wconf 74' lang='lat'><strong>,</strong></span> 
     </span>
     <span class='ocr_line' id='line_1_17' title="bbox 173 1587 1228 1668; baseline 0.003 -19"><span class='ocrx_word' id='word_1_139' title='bbox 173 1598 322 1668; x_wconf 88' lang='lat' dir='ltr'><strong>poetarum</strong></span> <span class='ocrx_word' id='word_1_140' title='bbox 344 1597 451 1650; x_wconf 90' lang='lat' dir='ltr'><strong>tantum</strong></span> <span class='ocrx_word' id='word_1_141' title='bbox 468 1587 604 1648; x_wconf 89' lang='lat' dir='ltr'><strong>adiiciunt</strong></span> <span class='ocrx_word' id='word_1_142' title='bbox 621 1588 748 1666; x_wconf 78' lang='lat' dir='ltr'><strong>gratiae,</strong></span> <span class='ocrx_word' id='word_1_143' title='bbox 772 1596 802 1647; x_wconf 92' lang='lat' dir='ltr'><strong>ut</strong></span> <span class='ocrx_word' id='word_1_144' title='bbox 818 1604 872 1648; x_wconf 87' lang='lat' dir='ltr'><strong>nos</strong></span> <span class='ocrx_word' id='word_1_145' title='bbox 893 1589 1001 1648; x_wconf 83' lang='lat' dir='ltr'><strong>infinito</strong></span> <span class='ocrx_word' id='word_1_146' title='bbox 1024 1589 1116 1666; x_wconf 77' lang='lat' dir='ltr'><strong>magis</strong></span> <span class='ocrx_word' id='word_1_147' title='bbox 1135 1608 1180 1650; x_wconf 90' lang='lat' dir='ltr'><strong>ea·</strong></span> <span class='ocrx_word' id='word_1_148' title='bbox 1227 1621 1228 1652; x_wconf 70' lang='lat'><em>÷</em></span> 
     </span>
     <span class='ocr_line' id='line_1_18' title="bbox 172 1670 1228 1752; baseline -0.002 -19"><span class='ocrx_word' id='word_1_149' title='bbox 172 1673 236 1734; x_wconf 89' lang='lat' dir='ltr'><strong>dem</strong></span> <span class='ocrx_word' id='word_1_150' title='bbox 252 1672 302 1732; x_wconf 89' lang='lat' dir='ltr'><strong>illa</strong></span> <span class='ocrx_word' id='word_1_151' title='bbox 318 1672 414 1733; x_wconf 88' lang='lat' dir='ltr'><strong>audita</strong></span> <span class='ocrx_word' id='word_1_152' title='bbox 432 1689 515 1750; x_wconf 91' lang='lat' dir='ltr'><strong>quam</strong></span> <span class='ocrx_word' id='word_1_153' title='bbox 532 1670 609 1732; x_wconf 89' lang='lat' dir='ltr'><strong>lecta</strong></span> <span class='ocrx_word' id='word_1_154' title='bbox 625 1671 788 1739; x_wconf 90' lang='lat' dir='ltr'><strong>delectent;</strong></span> <span class='ocrx_word' id='word_1_155' title='bbox 810 1681 839 1730; x_wconf 91' lang='lat' dir='ltr'><strong>et</strong></span> <span class='ocrx_word' id='word_1_156' title='bbox 855 1670 1002 1732; x_wconf 90' lang='lat' dir='ltr'><strong>vilissimis</strong></span> <span class='ocrx_word' id='word_1_157' title='bbox 1019 1673 1105 1734; x_wconf 90' lang='lat' dir='ltr'><strong>etiam</strong></span> <span class='ocrx_word' id='word_1_158' title='bbox 1121 1674 1182 1752; x_wconf 89' lang='lat' dir='ltr'><strong>qui·</strong></span> <span class='ocrx_word' id='word_1_159' title='bbox 1222 1687 1228 1744; x_wconf 64' lang='lat'><strong>,¹</strong></span> 
     </span>
     <span class='ocr_line' id='line_1_19' title="bbox 171 1753 1182 1834; baseline -0.002 -18"><span class='ocrx_word' id='word_1_160' title='bbox 171 1756 291 1818; x_wconf 91' lang='lat' dir='ltr'><strong>busdam</strong></span> <span class='ocrx_word' id='word_1_161' title='bbox 307 1757 460 1834; x_wconf 89' lang='lat' dir='ltr'><strong>impetrant</strong></span> <span class='ocrx_word' id='word_1_162' title='bbox 473 1772 576 1832; x_wconf 91' lang='lat' dir='ltr'><strong>aures,</strong></span> <span class='ocrx_word' id='word_1_163' title='bbox 596 1764 642 1832; x_wconf 93' lang='lat' dir='ltr'><strong>ut,</strong></span> <span class='ocrx_word' id='word_1_164' title='bbox 661 1754 764 1834; x_wconf 91' lang='lat' dir='ltr'><strong>quibus</strong></span> <span class='ocrx_word' id='word_1_165' title='bbox 780 1753 875 1814; x_wconf 91' lang='lat' dir='ltr'><strong>nullus</strong></span> <span class='ocrx_word' id='word_1_166' title='bbox 893 1765 938 1815; x_wconf 92' lang='lat' dir='ltr'><strong>est</strong></span> <span class='ocrx_word' id='word_1_167' title='bbox 953 1757 981 1814; x_wconf 92' lang='lat' dir='ltr'><strong>in</strong></span> <span class='ocrx_word' id='word_1_168' title='bbox 995 1755 1182 1818; x_wconf 83' lang='lat' dir='ltr'><strong>bibliothecis</strong></span> 
     </span>
    </p>

    <p class='ocr_par' dir='ltr' id='par_1_4' title="bbox 145 1837 1182 2254">
     <span class='ocr_line' id='line_1_20' title="bbox 145 1837 1182 1919; baseline -0.005 -16"><span class='ocrx_word' id='word_1_169' title='bbox 145 1841 273 1917; x_wconf 64' lang='lat' dir='ltr'><strong>(clocas,</strong></span> <span class='ocrx_word' id='word_1_170' title='bbox 293 1841 329 1900; x_wconf 90' lang='lat' dir='ltr'><strong>sit</strong></span> <span class='ocrx_word' id='word_1_171' title='bbox 344 1841 429 1902; x_wconf 87' lang='lat' dir='ltr'><strong>etiam</strong></span> <span class='ocrx_word' id='word_1_172' title='bbox 446 1840 584 1917; x_wconf 88' lang='lat' dir='ltr'><strong>irequens</strong></span> <span class='ocrx_word' id='word_1_173' title='bbox 600 1839 628 1896; x_wconf 93' lang='lat' dir='ltr'><strong>in</strong></span> <span class='ocrx_word' id='word_1_174' title='bbox 643 1838 773 1899; x_wconf 83' lang='lat' dir='ltr'><strong>theatris.</strong></span> <span class='ocrx_word' id='word_1_175' title='bbox 809 1837 920 1911; x_wconf 82' lang='lat' dir='ltr'><strong>Quodsi</strong></span> <span class='ocrx_word' id='word_1_176' title='bbox 934 1840 963 1899; x_wconf 92' lang='lat' dir='ltr'><strong>iu</strong></span> <span class='ocrx_word' id='word_1_177' title='bbox 978 1839 1084 1918; x_wconf 90' lang='lat' dir='ltr'><strong>rebus,</strong></span> <span class='ocrx_word' id='word_1_178' title='bbox 1104 1857 1182 1919; x_wconf 18' lang='lat' dir='ltr'><strong>*quas</strong></span> 
     </span>
     <span class='ocr_line' id='line_1_21' title="bbox 172 1923 1181 2002; baseline -0.004 -18"><span class='ocrx_word' id='word_1_179' title='bbox 172 1925 254 1986; x_wconf 87' lang='lat' dir='ltr'><strong>lictas</strong></span> <span class='ocrx_word' id='word_1_180' title='bbox 278 1943 345 1986; x_wconf 86' lang='lat' dir='ltr'><strong>esse</strong></span> <span class='ocrx_word' id='word_1_181' title='bbox 368 1924 473 1986; x_wconf 88' lang='lat' dir='ltr'><strong>scimus</strong></span> <span class='ocrx_word' id='word_1_182' title='bbox 491 1933 520 1984; x_wconf 90' lang='lat' dir='ltr'><strong>ct</strong></span> <span class='ocrx_word' id='word_1_183' title='bbox 540 1923 655 1998; x_wconf 91' lang='lat' dir='ltr'><strong>inanes,</strong></span> <span class='ocrx_word' id='word_1_184' title='bbox 678 1930 785 1982; x_wconf 89' lang='lat' dir='ltr'><strong>tantum</strong></span> <span class='ocrx_word' id='word_1_185' title='bbox 803 1923 997 1999; x_wconf 86' lang='lat' dir='ltr'><strong>pronuntiatio</strong></span> <span class='ocrx_word' id='word_1_186' title='bbox 1014 1932 1129 2002; x_wconf 85' lang='lat' dir='ltr'><strong>potest,</strong></span> <span class='ocrx_word' id='word_1_187' title='bbox 1152 1931 1181 1982; x_wconf 91' lang='lat' dir='ltr'><strong>ut</strong></span> 
     </span>
     <span class='ocr_line' id='line_1_22' title="bbox 171 2005 1180 2086; baseline -0.003 -20"><span class='ocrx_word' id='word_1_188' title='bbox 171 2011 255 2080; x_wconf 89' lang='lat' dir='ltr'><strong>iram,</strong></span> <span class='ocrx_word' id='word_1_189' title='bbox 286 2007 436 2083; x_wconf 87' lang='lat' dir='ltr'><strong>lacrimas,</strong></span> <span class='ocrx_word' id='word_1_190' title='bbox 464 2005 688 2067; x_wconf 89' lang='lat' dir='ltr'><strong>sollicitudiuem</strong></span> <span class='ocrx_word' id='word_1_191' title='bbox 710 2005 828 2066; x_wconf 81' lang='lat' dir='ltr'><strong>adorat:</strong></span> <span class='ocrx_word' id='word_1_192' title='bbox 860 2016 967 2084; x_wconf 91' lang='lat' dir='ltr'><strong>quanto</strong></span> <span class='ocrx_word' id='word_1_193' title='bbox 993 2007 1060 2086; x_wconf 92' lang='lat' dir='ltr'><strong>plus</strong></span> <span class='ocrx_word' id='word_1_194' title='bbox 1085 2006 1180 2066; x_wconf 87' lang='lat' dir='ltr'><strong>valeat</strong></span> 
     </span>
     <span class='ocr_line' id='line_1_23' title="bbox 171 2086 1181 2167; baseline -0.001 -17"><span class='ocrx_word' id='word_1_195' title='bbox 171 2109 296 2150; x_wconf 88' lang='lat' dir='ltr'><strong>necesse</strong></span> <span class='ocrx_word' id='word_1_196' title='bbox 318 2100 379 2166; x_wconf 90' lang='lat' dir='ltr'><strong>est,</strong></span> <span class='ocrx_word' id='word_1_197' title='bbox 397 2089 446 2149; x_wconf 92' lang='lat' dir='ltr'><strong>ubi</strong></span> <span class='ocrx_word' id='word_1_198' title='bbox 462 2099 492 2150; x_wconf 88' lang='lat' dir='ltr'><strong>et</strong></span> <span class='ocrx_word' id='word_1_199' title='bbox 507 2086 680 2150; x_wconf 72' lang='lat' dir='ltr'><strong>credimusl&#39;</strong></span> <span class='ocrx_word' id='word_1_200' title='bbox 697 2087 839 2167; x_wconf 84' lang='lat' dir='ltr'><strong>Equidem</strong></span> <span class='ocrx_word' id='word_1_201' title='bbox 856 2089 905 2149; x_wconf 88' lang='lat' dir='ltr'><strong>vel</strong></span> <span class='ocrx_word' id='word_1_202' title='bbox 917 2089 1099 2152; x_wconf 83' lang='lat' dir='ltr'><strong>mediocrem</strong></span> <span class='ocrx_word' id='word_1_203' title='bbox 1118 2106 1181 2150; x_wconf 86' lang='lat' dir='ltr'><strong>ora-</strong></span> 
     </span>
     <span class='ocr_line' id='line_1_24' title="bbox 172 2171 1180 2254; baseline -0.002 -20"><span class='ocrx_word' id='word_1_204' title='bbox 172 2177 279 2236; x_wconf 86' lang='lat' dir='ltr'><strong>tionem</strong></span> <span class='ocrx_word' id='word_1_205' title='bbox 296 2174 523 2236; x_wconf 75' lang='lat' dir='ltr'><strong>commendatam</strong></span> <span class='ocrx_word' id='word_1_206' title='bbox 537 2172 645 2233; x_wconf 91' lang='lat' dir='ltr'><strong>viribus</strong></span> <span class='ocrx_word' id='word_1_207' title='bbox 661 2174 782 2232; x_wconf 91' lang='lat' dir='ltr'><strong>actionis</strong></span> <span class='ocrx_word' id='word_1_208' title='bbox 804 2171 968 2233; x_wconf 79' lang='lat' dir='ltr'><strong>affirmarim</strong></span> <span class='ocrx_word' id='word_1_209' title='bbox 987 2174 1054 2254; x_wconf 91' lang='lat' dir='ltr'><strong>plus</strong></span> <span class='ocrx_word' id='word_1_210' title='bbox 1071 2173 1180 2235; x_wconf 91' lang='lat' dir='ltr'><strong>babitu·</strong></span> 
     </span>
    </p>

    <p class='ocr_par' dir='ltr' id='par_1_5' title="bbox 142 2255 1182 2342">
     <span class='ocr_line' id='line_1_25' title="bbox 142 2255 1182 2342; baseline -0.002 -25"><span class='ocrx_word' id='word_1_211' title='bbox 142 2262 230 2318; x_wconf 88' lang='lat' dir='ltr'><strong>6ram</strong></span> <span class='ocrx_word' id='word_1_212' title='bbox 253 2258 472 2342; x_wconf 43' lang='lat' dir='ltr'><strong>esse0momenti</strong></span> <span class='ocrx_word' id='word_1_213' title='bbox 488 2275 572 2336; x_wconf 91' lang='lat' dir='ltr'><strong>quam</strong></span> <span class='ocrx_word' id='word_1_214' title='bbox 589 2258 724 2336; x_wconf 88' lang='lat' dir='ltr'><strong>optimam</strong></span> <span class='ocrx_word' id='word_1_215' title='bbox 746 2255 847 2316; x_wconf 89' lang='lat' dir='ltr'><strong>eadem</strong></span> <span class='ocrx_word' id='word_1_216' title='bbox 865 2257 915 2316; x_wconf 89' lang='lat' dir='ltr'><strong>illa</strong></span> <span class='ocrx_word' id='word_1_217' title='bbox 931 2257 1106 2318; x_wconf 87' lang='lat' dir='ltr'><strong>destitutam.</strong></span> <span class='ocrx_word' id='word_1_218' title='bbox 1138 2257 1182 2317; x_wconf 84' lang='lat' dir='ltr'><strong>st·</strong></span> 
     </span>
    </p>

    <p class='ocr_par' dir='ltr' id='par_1_6' title="bbox 130 2341 1182 2673">
     <span class='ocr_line' id='line_1_26' title="bbox 130 2341 1180 2420; baseline -0.003 -20"><span class='ocrx_word' id='word_1_219' title='bbox 130 2356 134 2364; x_wconf 91' lang='lat'>·</span> <span class='ocrx_word' id='word_1_220' title='bbox 172 2342 286 2419; x_wconf 91' lang='lat' dir='ltr'><strong>quidem</strong></span> <span class='ocrx_word' id='word_1_221' title='bbox 308 2351 336 2402; x_wconf 91' lang='lat' dir='ltr'><strong>et</strong></span> <span class='ocrx_word' id='word_1_222' title='bbox 357 2341 588 2416; x_wconf 85' lang='lat' dir='ltr'><strong>Demosthenes,</strong></span> <span class='ocrx_word' id='word_1_223' title='bbox 618 2341 685 2418; x_wconf 92' lang='lat' dir='ltr'><strong>quid</strong></span> <span class='ocrx_word' id='word_1_224' title='bbox 708 2350 788 2399; x_wconf 89' lang='lat' dir='ltr'><strong>esset</strong></span> <span class='ocrx_word' id='word_1_225' title='bbox 814 2342 842 2400; x_wconf 88' lang='lat' dir='ltr'><strong>in</strong></span> <span class='ocrx_word' id='word_1_226' title='bbox 864 2349 927 2400; x_wconf 89' lang='lat' dir='ltr'><strong>toto</strong></span> <span class='ocrx_word' id='word_1_227' title='bbox 950 2341 1064 2403; x_wconf 90' lang='lat' dir='ltr'><strong>dicendi</strong></span> <span class='ocrx_word' id='word_1_228' title='bbox 1089 2357 1180 2420; x_wconf 87' lang='lat' dir='ltr'><strong>opere</strong></span> 
     </span>
     <span class='ocr_line' id='line_1_27' title="bbox 171 2421 1182 2504; baseline -0.002 -20"><span class='ocrx_word' id='word_1_229' title='bbox 171 2427 307 2504; x_wconf 87' lang='lat' dir='ltr'><strong>primum,</strong></span> <span class='ocrx_word' id='word_1_230' title='bbox 331 2429 525 2502; x_wconf 80' lang='lat' dir='ltr'><strong>interrogatus</strong></span> <span class='ocrx_word' id='word_1_231' title='bbox 544 2425 769 2502; x_wconf 85' lang='lat' dir='ltr'><strong>pronuntiationi</strong></span> <span class='ocrx_word' id='word_1_232' title='bbox 785 2425 907 2502; x_wconf 91' lang='lat' dir='ltr'><strong>palmam</strong></span> <span class='ocrx_word' id='word_1_233' title='bbox 927 2424 1007 2486; x_wconf 89' lang='lat' dir='ltr'><strong>dedit</strong></span> <span class='ocrx_word' id='word_1_234' title='bbox 1029 2421 1182 2504; x_wconf 84' lang='lat' dir='ltr'><strong>eidemque</strong></span> 
     </span>
     <span class='ocr_line' id='line_1_28' title="bbox 172 2506 1181 2586; baseline -0.002 -18"><span class='ocrx_word' id='word_1_235' title='bbox 172 2508 328 2570; x_wconf 92' lang='lat' dir='ltr'><strong>secundum</strong></span> <span class='ocrx_word' id='word_1_236' title='bbox 350 2527 385 2570; x_wconf 91' lang='lat' dir='ltr'><strong>ac</strong></span> <span class='ocrx_word' id='word_1_237' title='bbox 404 2509 518 2569; x_wconf 90' lang='lat' dir='ltr'><strong>tertium</strong></span> <span class='ocrx_word' id='word_1_238' title='bbox 535 2507 647 2584; x_wconf 91' lang='lat' dir='ltr'><strong>locum,</strong></span> <span class='ocrx_word' id='word_1_239' title='bbox 672 2507 767 2568; x_wconf 92' lang='lat' dir='ltr'><strong>donec</strong></span> <span class='ocrx_word' id='word_1_240' title='bbox 789 2506 823 2567; x_wconf 93' lang='lat' dir='ltr'><strong>ab</strong></span> <span class='ocrx_word' id='word_1_241' title='bbox 847 2525 884 2567; x_wconf 91' lang='lat' dir='ltr'><strong>eo</strong></span> <span class='ocrx_word' id='word_1_242' title='bbox 903 2510 1005 2586; x_wconf 90' lang='lat' dir='ltr'><strong>quaeri</strong></span> <span class='ocrx_word' id='word_1_243' title='bbox 1021 2508 1181 2582; x_wconf 90' lang='lat' dir='ltr'><strong>desineret,</strong></span> 
     </span>
     <span class='ocr_line' id='line_1_29' title="bbox 172 2591 1180 2673; baseline 0.005 -22"><span class='ocrx_word' id='word_1_244' title='bbox 172 2601 202 2651; x_wconf 90' lang='lat' dir='ltr'><strong>ut</strong></span> <span class='ocrx_word' id='word_1_245' title='bbox 226 2610 288 2652; x_wconf 92' lang='lat' dir='ltr'><strong>eam</strong></span> <span class='ocrx_word' id='word_1_246' title='bbox 304 2592 396 2653; x_wconf 85' lang='lat' dir='ltr'><strong>videri</strong></span> <span class='ocrx_word' id='word_1_247' title='bbox 420 2601 522 2673; x_wconf 90' lang='lat' dir='ltr'><strong>posset</strong></span> <span class='ocrx_word' id='word_1_248' title='bbox 543 2608 600 2651; x_wconf 92' lang='lat' dir='ltr'><strong>non</strong></span> <span class='ocrx_word' id='word_1_249' title='bbox 616 2593 803 2670; x_wconf 89' lang='lat' dir='ltr'><strong>praecipuam</strong></span> <span class='ocrx_word' id='word_1_250' title='bbox 826 2591 879 2652; x_wconf 92' lang='lat' dir='ltr'><strong>sed</strong></span> <span class='ocrx_word' id='word_1_251' title='bbox 904 2592 997 2652; x_wconf 89' lang='lat' dir='ltr'><strong>solam</strong></span> <span class='ocrx_word' id='word_1_252' title='bbox 1017 2591 1180 2656; x_wconf 81' lang='lat' dir='ltr'><strong>iudicasse:</strong></span> 
     </span>
    </p>

    <p class='ocr_par' dir='ltr' id='par_1_7' title="bbox 105 2674 1229 2922">
     <span class='ocr_line' id='line_1_30' title="bbox 105 2674 1229 2758; baseline -0.004 -21"><span class='ocrx_word' id='word_1_253' title='bbox 105 2682 160 2737; x_wconf 60' lang='lat' dir='ltr'><strong>«t</strong></span> <span class='ocrx_word' id='word_1_254' title='bbox 173 2676 242 2738; x_wconf 70' lang='lat' dir='ltr'><strong>ideo.</strong></span> <span class='ocrx_word' id='word_1_255' title='bbox 255 2679 319 2754; x_wconf 88' lang='lat' dir='ltr'><strong>ipsc</strong></span> <span class='ocrx_word' id='word_1_256' title='bbox 336 2686 394 2738; x_wconf 89' lang='lat' dir='ltr'><strong>tam</strong></span> <span class='ocrx_word' id='word_1_257' title='bbox 410 2676 569 2755; x_wconf 84' lang='lat' dir='ltr'><strong>diligenter</strong></span> <span class='ocrx_word' id='word_1_258' title='bbox 579 2675 857 2754; x_wconf 85' lang='lat' dir='ltr'><strong>apudAndrouicum</strong></span> <span class='ocrx_word' id='word_1_259' title='bbox 872 2674 1047 2758; x_wconf 74' lang='lat' dir='ltr'><strong>hypocriten</strong></span> <span class='ocrx_word' id='word_1_260' title='bbox 1061 2675 1180 2747; x_wconf 89' lang='lat' dir='ltr'><strong>studuit,</strong></span> <span class='ocrx_word' id='word_1_261' title='bbox 1228 2697 1229 2702; x_wconf 45' lang='lat'>¹</span> 
     </span>
     <span class='ocr_line' id='line_1_31' title="bbox 172 2756 1180 2821; baseline -0.004 -1"><span class='ocrx_word' id='word_1_262' title='bbox 172 2770 202 2820; x_wconf 91' lang='lat' dir='ltr'><strong>ut</strong></span> <span class='ocrx_word' id='word_1_263' title='bbox 219 2761 423 2821; x_wconf 87' lang='lat' dir='ltr'><strong>admirantibus</strong></span> <span class='ocrx_word' id='word_1_264' title='bbox 439 2764 501 2821; x_wconf 90' lang='lat' dir='ltr'><strong>eius</strong></span> <span class='ocrx_word' id='word_1_265' title='bbox 518 2759 677 2820; x_wconf 89' lang='lat' dir='ltr'><strong>orationem</strong></span> <span class='ocrx_word' id='word_1_266' title='bbox 692 2757 812 2820; x_wconf 87' lang='lat' dir='ltr'><strong>Rhodiis</strong></span> <span class='ocrx_word' id='word_1_267' title='bbox 827 2775 885 2819; x_wconf 91' lang='lat' dir='ltr'><strong>non</strong></span> <span class='ocrx_word' id='word_1_268' title='bbox 900 2761 1041 2819; x_wconf 89' lang='lat' dir='ltr'><strong>immerito</strong></span> <span class='ocrx_word' id='word_1_269' title='bbox 1057 2756 1180 2819; x_wconf 79' lang='lat' dir='ltr'><strong>Aeschi-</strong></span> 
     </span>
     <span class='ocr_line' id='line_1_32' title="bbox 172 2841 1181 2922; baseline -0.001 -20"><span class='ocrx_word' id='word_1_270' title='bbox 172 2862 225 2904; x_wconf 90' lang='lat' dir='ltr'><strong>nes</strong></span> <span class='ocrx_word' id='word_1_271' title='bbox 240 2844 350 2904; x_wconf 85' lang='lat' dir='ltr'><strong>dixisse</strong></span> <span class='ocrx_word' id='word_1_272' title='bbox 365 2844 512 2906; x_wconf 86' lang='lat' dir='ltr'><strong>videatur:</strong></span> <span class='ocrx_word' id='word_1_273' title='bbox 530 2842 650 2917; x_wconf 76' lang='lat' dir='ltr'><strong>Ouitioi</strong></span> <span class='ocrx_word' id='word_1_274' title='bbox 660 2845 761 2922; x_wconf 86' lang='lat' dir='ltr'><strong>ipsum</strong></span> <span class='ocrx_word' id='word_1_275' title='bbox 772 2845 962 2905; x_wconf 81' lang='lat' dir='ltr'><strong>audissetis?</strong></span> <span class='ocrx_word' id='word_1_276' title='bbox 977 2841 1014 2902; x_wconf 84' lang='lat' dir='ltr'><strong>Et</strong></span> <span class='ocrx_word' id='word_1_277' title='bbox 1027 2841 1181 2902; x_wconf 85' lang='lat' dir='ltr'><strong>bl.Cicero</strong></span> 
     </span>
    </p>

    <p class='ocr_par' dir='ltr' id='par_1_8' title="bbox 145 2923 1187 3508">
     <span class='ocr_line' id='line_1_33' title="bbox 145 2923 1182 3006; baseline -0.004 -18"><span class='ocrx_word' id='word_1_278' title='bbox 145 2935 257 2988; x_wconf 71' lang='lat' dir='ltr'><strong>hunam</strong></span> <span class='ocrx_word' id='word_1_279' title='bbox 276 2927 443 2988; x_wconf 87' lang='lat' dir='ltr'><strong>indicendo</strong></span> <span class='ocrx_word' id='word_1_280' title='bbox 460 2929 602 2988; x_wconf 88' lang='lat' dir='ltr'><strong>actionem</strong></span> <span class='ocrx_word' id='word_1_281' title='bbox 624 2927 780 2989; x_wconf 85' lang='lat' dir='ltr'><strong>dominari</strong></span> <span class='ocrx_word' id='word_1_282' title='bbox 800 2937 889 3006; x_wconf 87' lang='lat' dir='ltr'><strong>putat.</strong></span> <span class='ocrx_word' id='word_1_283' title='bbox 925 2925 986 2987; x_wconf 84' lang='lat' dir='ltr'><strong>Hac</strong></span> <span class='ocrx_word' id='word_1_284' title='bbox 1006 2923 1058 2988; x_wconf 83' lang='lat' dir='ltr'><strong>Gn.</strong></span> <span class='ocrx_word' id='word_1_285' title='bbox 1075 2925 1182 2987; x_wconf 86' lang='lat' dir='ltr'><strong>Lentu-</strong></span> 
     </span>
     <span class='ocr_line' id='line_1_34' title="bbox 172 3009 1183 3090; baseline -0.003 -19"><span class='ocrx_word' id='word_1_286' title='bbox 172 3012 229 3071; x_wconf 94' lang='lat' dir='ltr'><strong>lum</strong></span> <span class='ocrx_word' id='word_1_287' title='bbox 252 3010 318 3089; x_wconf 90' lang='lat' dir='ltr'><strong>plus</strong></span> <span class='ocrx_word' id='word_1_288' title='bbox 344 3013 486 3090; x_wconf 89' lang='lat' dir='ltr'><strong>opinionis</strong></span> <span class='ocrx_word' id='word_1_289' title='bbox 510 3021 695 3072; x_wconf 87' lang='lat' dir='ltr'><strong>consecutum</strong></span> <span class='ocrx_word' id='word_1_290' title='bbox 715 3028 799 3090; x_wconf 87' lang='lat' dir='ltr'><strong>quam</strong></span> <span class='ocrx_word' id='word_1_291' title='bbox 817 3009 983 3088; x_wconf 87' lang='lat' dir='ltr'><strong>eloquentia</strong></span> <span class='ocrx_word' id='word_1_292' title='bbox 1005 3009 1111 3088; x_wconf 89' lang='lat' dir='ltr'><strong>tradit,</strong></span> <span class='ocrx_word' id='word_1_293' title='bbox 1136 3028 1183 3070; x_wconf 89' lang='lat' dir='ltr'><strong>ea·</strong></span> 
     </span>
     <span class='ocr_line' id='line_1_35' title="bbox 173 3093 1183 3172; baseline -0.002 -18"><span class='ocrx_word' id='word_1_294' title='bbox 173 3096 238 3154; x_wconf 88' lang='lat' dir='ltr'><strong>dem</strong></span> <span class='ocrx_word' id='word_1_295' title='bbox 256 3093 288 3155; x_wconf 72' lang='grc'><strong>0.·</strong></span> <span class='ocrx_word' id='word_1_296' title='bbox 309 3095 469 3156; x_wconf 84' lang='lat' dir='ltr'><strong>Gracchum</strong></span> <span class='ocrx_word' id='word_1_297' title='bbox 492 3096 520 3156; x_wconf 92' lang='lat' dir='ltr'><strong>in</strong></span> <span class='ocrx_word' id='word_1_298' title='bbox 537 3095 668 3156; x_wconf 83' lang='lat' dir='ltr'><strong>debenda</strong></span> <span class='ocrx_word' id='word_1_299' title='bbox 684 3096 780 3156; x_wconf 83' lang='lat' dir='ltr'><strong>fratris</strong></span> <span class='ocrx_word' id='word_1_300' title='bbox 798 3113 872 3155; x_wconf 88' lang='lat' dir='ltr'><strong>nece</strong></span> <span class='ocrx_word' id='word_1_301' title='bbox 895 3096 982 3154; x_wconf 91' lang='lat' dir='ltr'><strong>totius</strong></span> <span class='ocrx_word' id='word_1_302' title='bbox 1003 3093 1108 3172; x_wconf 88' lang='lat' dir='ltr'><strong>populi</strong></span> <span class='ocrx_word' id='word_1_303' title='bbox 1125 3093 1183 3156; x_wconf 79' lang='lat' dir='ltr'><strong>lto·</strong></span> 
     </span>
     <span class='ocr_line' id='line_1_36' title="bbox 173 3176 1182 3253; baseline -0.001 -16"><span class='ocrx_word' id='word_1_304' title='bbox 173 3179 247 3238; x_wconf 90' lang='lat' dir='ltr'><strong>mani</strong></span> <span class='ocrx_word' id='word_1_305' title='bbox 266 3179 399 3240; x_wconf 89' lang='lat' dir='ltr'><strong>lacrimas</strong></span> <span class='ocrx_word' id='word_1_306' title='bbox 419 3181 599 3253; x_wconf 86' lang='lat' dir='ltr'><strong>concitasse,</strong></span> <span class='ocrx_word' id='word_1_307' title='bbox 625 3189 654 3239; x_wconf 92' lang='lat' dir='ltr'><strong>et</strong></span> <span class='ocrx_word' id='word_1_308' title='bbox 674 3178 827 3239; x_wconf 79' lang='lat' dir='ltr'><strong>Antonium</strong></span> <span class='ocrx_word' id='word_1_309' title='bbox 852 3187 881 3237; x_wconf 91' lang='lat' dir='ltr'><strong>et</strong></span> <span class='ocrx_word' id='word_1_310' title='bbox 903 3176 1038 3238; x_wconf 80' lang='lat' dir='ltr'><strong>Crassum</strong></span> <span class='ocrx_word' id='word_1_311' title='bbox 1061 3177 1182 3237; x_wconf 90' lang='lat' dir='ltr'><strong>multum</strong></span> 
     </span>
     <span class='ocr_line' id='line_1_37' title="bbox 172 3261 1185 3342; baseline -0.002 -22"><span class='ocrx_word' id='word_1_312' title='bbox 172 3263 318 3336; x_wconf 83' lang='lat' dir='ltr'><strong>valuisse,</strong></span> <span class='ocrx_word' id='word_1_313' title='bbox 334 3263 487 3342; x_wconf 92' lang='lat' dir='ltr'><strong>plurimum</strong></span> <span class='ocrx_word' id='word_1_314' title='bbox 501 3280 573 3323; x_wconf 90' lang='lat' dir='ltr'><strong>vero</strong></span> <span class='ocrx_word' id='word_1_315' title='bbox 590 3267 626 3336; x_wconf 77' lang='lat' dir='ltr'><strong>Q.</strong></span> <span class='ocrx_word' id='word_1_316' title='bbox 643 3262 836 3322; x_wconf 85' lang='lat' dir='ltr'><strong>llortensium.</strong></span> <span class='ocrx_word' id='word_1_317' title='bbox 871 3261 960 3322; x_wconf 84' lang='lat' dir='ltr'><strong>Cuius</strong></span> <span class='ocrx_word' id='word_1_318' title='bbox 977 3263 1020 3321; x_wconf 89' lang='lat' dir='ltr'><strong>rei</strong></span> <span class='ocrx_word' id='word_1_319' title='bbox 1035 3261 1110 3322; x_wconf 81' lang='lat' dir='ltr'><strong>fides</strong></span> <span class='ocrx_word' id='word_1_320' title='bbox 1128 3267 1185 3332; x_wconf 72' lang='lat' dir='ltr'><strong>est,</strong></span> 
     </span>
     <span class='ocr_line' id='line_1_38' title="bbox 154 3337 1187 3427; baseline -0.003 -24"><span class='ocrx_word' id='word_1_321' title='bbox 154 3405 158 3414; x_wconf 78' lang='grc'>,</span> <span class='ocrx_word' id='word_1_322' title='bbox 174 3345 252 3421; x_wconf 93' lang='lat' dir='ltr'><strong>quod</strong></span> <span class='ocrx_word' id='word_1_323' title='bbox 267 3348 328 3405; x_wconf 88' lang='lat' dir='ltr'><strong>eius</strong></span> <span class='ocrx_word' id='word_1_324' title='bbox 345 3348 453 3427; x_wconf 90' lang='lat' dir='ltr'><strong>scripta</strong></span> <span class='ocrx_word' id='word_1_325' title='bbox 469 3356 575 3406; x_wconf 84' lang='lat' dir='ltr'><strong>tautum</strong></span> <span class='ocrx_word' id='word_1_326' title='bbox 592 3349 663 3406; x_wconf 87' lang='lat' dir='ltr'><strong>intra</strong></span> <span class='ocrx_word' id='word_1_327' title='bbox 682 3346 784 3406; x_wconf 82' lang='lat' dir='ltr'><strong>famam</strong></span> <span class='ocrx_word' id='word_1_328' title='bbox 799 3355 879 3421; x_wconf 86' lang='lat' dir='ltr'><strong>sunt,</strong></span> <span class='ocrx_word' id='word_1_329' title='bbox 907 3337 1027 3422; x_wconf 79' lang='lat' dir='ltr'><strong>qua&#39;diu</strong></span> <span class='ocrx_word' id='word_1_330' title='bbox 1043 3345 1187 3423; x_wconf 87' lang='lat' dir='ltr'><strong>princeps</strong></span> 
     </span>
     <span class='ocr_line' id='line_1_39' title="bbox 172 3428 1187 3508; baseline 0 -24"><span class='ocrx_word' id='word_1_331' title='bbox 172 3437 290 3506; x_wconf 89' lang='lat' dir='ltr'><strong>orator,</strong></span> <span class='ocrx_word' id='word_1_332' title='bbox 320 3430 473 3508; x_wconf 88' lang='lat' dir='ltr'><strong>aliquando</strong></span> <span class='ocrx_word' id='word_1_333' title='bbox 490 3431 619 3490; x_wconf 89' lang='lat' dir='ltr'><strong>aemulus</strong></span> <span class='ocrx_word' id='word_1_334' title='bbox 637 3428 787 3490; x_wconf 82' lang='lat' dir='ltr'><strong>Ciceronis</strong></span> <span class='ocrx_word' id='word_1_335' title='bbox 804 3430 982 3489; x_wconf 84' lang='lat' dir='ltr'><strong>existimatus</strong></span> <span class='ocrx_word' id='word_1_336' title='bbox 998 3437 1059 3505; x_wconf 80' lang='lat' dir='ltr'><strong>est,</strong></span> <span class='ocrx_word' id='word_1_337' title='bbox 1083 3428 1187 3487; x_wconf 87' lang='lat' dir='ltr'><strong>novis·</strong></span> 
     </span>
    </p>
   </div>
   <div class='ocr_carea' id='block_1_3' title="bbox 0 0 1253 3952">
    <p class='ocr_par' dir='ltr' id='par_1_9' title="bbox 0 0 1253 3952">
     <span class='ocr_line' id='line_1_40' title="bbox 0 0 1253 3952; baseline 0 0"><span class='ocrx_word' id='word_1_338' title='bbox 0 0 1253 3952; x_wconf 95' lang='lat' dir='ltr'><strong> </strong></span> 
     </span>
    </p>
   </div>
  </div>
 </body>
</html>
