2446 3962
347 225 436 274 nasu.
452 226 735 293 onaron.n113.11,
751 224 791 277 15.
1008 295 1009 298 Ἴ
1032 213 1071 276 89

60 385 156 446 Polus
171 381 291 443 iuvenili
308 379 406 440 calore
421 381 678 458 inconsideratior,
701 391 801 442 contra
816 401 902 462 quem
915 383 966 442 illa
982 383 1018 442 de
1033 383 1070 443 si·

60 469 196 529 mulacro
216 475 246 526 et
261 465 426 525 adulatione
443 465 583 525 dicuntur.
618 465 689 524 'lum
704 464 843 526 Callicles
861 467 953 528 adhuc
975 469 1071 527 conci-

60 555 165 626 tatior,
183 553 232 628 qui
244 560 341 610 tamen
355 547 480 608 adhanc
495 549 663 628 perducitur
679 550 852 627 clausulam,
869 545 920 612 τὸν
931 547 1072 628 μέλλοντα

60 628 169 716 ὀρθῶς
179 624 336 715 ῥητορικὸν
349 631 477 709 ἔσεσθαι,
491 633 607 693 δίκαιον
617 627 675 715 ἄρα
686 634 734 693 δεῖ
743 628 819 694 εἶναι
827 633 881 694 cui
893 627 1072 714 ἐπιστήμονα

61 724 125 780 τῶν
141 717 267 778 δικαίων
273 741 281 792 ;
304 725 334 775 ut
349 726 502 794 appareat,
527 716 638 778 Platoni
654 735 711 776 non
726 717 893 779 rhetoricen
907 719 999 778 videri
1013 739 1070 779 ma·

1 817 3 881 g
60 805 125 864 lnrn
146 803 200 862 sed
218 817 394 862 eamveram
409 802 462 859 nisi
478 803 554 860 iusto
575 801 701 861 achone
718 819 775 862 non
795 805 975 880 contingere.
1013 803 1115 864 nat-as
1219 787 1221 792 ¹

1 919 2 936 t
58 888 123 947 huc
140 896 238 946 autem
251 889 280 945 in
294 884 425 946 Phaedro
440 885 619 945 manifestius
637 885 722 961 iacit,
744 885 818 946 hano
834 895 924 946 artem
940 905 1070 946 consum-

1 979 2 984 ’
60 973 138 1031 mari
156 973 228 1030 citra
243 969 369 1029 iustitiae
386 985 503 1047 quoque
516 971 666 1030 scientiam
681 988 738 1029 non
752 987 856 1048 posse:
882 972 928 1030 cui
944 973 1072 1050 opinioni

60 1072 121 1114 nos
147 1071 264 1135 quoque
288 1053 461 1112 accedimus.
499 1053 545 1112 An
565 1054 650 1114 aliter
672 1054 871 1115 defensionem
891 1055 1020 1116 Socratis
1043 1065 1072 1114 et

61 1157 186 1214 eorum,
210 1139 257 1216 qui
272 1154 327 1215 pro
344 1140 437 1215 patria
453 1137 635 1215 ceciderant,
657 1138 772 1198 laudem
786 1141 970 1218 scripsissem
997 1158 1071 1218 quae

61 1231 151 1284 certe
173 1232 238 1290 sunt
263 1221 386 1280 oratoris
413 1219 524 1298 opera?
572 1222 631 1282 Sed
653 1225 682 1282 in
709 1222 779 1282 illud
803 1222 947 1283 hominum
966 1236 1115 1300 genus,3o

1 1301 3 1330 *
62 1307 149 1385 qnod
163 1305 304 1365 facilitate
327 1305 440 1365 dicendi
456 1305 531 1366 male
545 1305 695 1382 utebatur,
718 1309 849 1366 invectus
871 1316 924 1366 est.
955 1306 1028 1366 Nam
1043 1317 1073 1366 et

1 1415 2 1422 ¹
62 1393 209 1452 Socrates
222 1389 403 1448 inhonestam
420 1388 475 1448 sibi
490 1390 612 1450 credidit
629 1392 803 1466 orationem,
828 1409 912 1469 quarn
928 1393 954 1450 ei
969 1389 1071 1467 Lysias

62 1492 119 1536 reo
135 1481 353 1552 composueram
374 1480 403 1532 et
418 1482 477 1531 turn
490 1475 612 1534 maxime
627 1474 757 1534 seribere
774 1474 978 1552 litigatoribus,
997 1493 1071 1554 quae

1 1587 3 1604 ÷
62 1559 109 1620 illi
125 1575 180 1636 pro
196 1558 300 1636 seipsi
315 1557 462 1631 dicerent,
485 1567 546 1617 erat
560 1560 665 1634 moris,
688 1568 774 1638 atque
791 1562 830 1620 ita
844 1561 915 1634 iuri,
940 1577 996 1637 quo
1014 1577 1072 1618 nou

1 1683 2 1710 t
64 1641 177 1704 licebat
192 1659 247 1720 pro
263 1641 356 1700 altero
374 1659 480 1718 agere,
504 1641 582 1702 fraus
603 1642 801 1703 adhibebatur.
837 1643 984 1704 Doctores
1001 1651 1111 1722 quo-31
1210 1663 1213 1676 ²

1 1765 2 1782 t
69 1745 127 1805 que
139 1729 200 1785 eius
212 1727 281 1784 artis
297 1743 397 1804 parurn
411 1725 510 1785 idonei
522 1725 633 1786 Platoni
647 1727 828 1802 videbantur,
845 1729 893 1806 qui
904 1727 1072 1788 rhetoricen

68 1812 208 1870 ainstitia
229 1818 400 1887 separarent
423 1818 452 1868 et
472 1812 551 1868 veris
575 1809 723 1870 credibilia
744 1812 941 1890 praeferrent;
962 1829 1026 1870 nam
1044 1814 1072 1874 id
1217 1847 1220 1850 ·

1 1915 2 1939 ³
66 1911 188 1976 quoque
210 1895 279 1954 dicit
299 1895 327 1951 in
348 1891 491 1952 Phaedro.
512 1891 723 1958 ‚Consensisse
746 1895 918 1954 autemillis
940 1897 1115 1973 superio-32
1216 1891 1217 1896 ’

62 1977 478 2055 ribusvideripotestetiam
501 1974 702 2052 Cornelius
726 1976 874 2054 Celsus,
901 1978 1072 2038 cuiushaec
1147 2011 1150 2016 ·
1196 2021 1198 2024 -

61 2063 159 2123 verba
174 2071 255 2121 sunt:
284 2059 398 2122 Orator
412 2062 509 2122 simile
524 2069 642 2124 tantuna
655 2065 724 2124 veri
736 2065 822 2142 petit.
854 2062 968 2123 Deinde
982 2063 1070 2141 paulo

62 2155 152 2228 post:
176 2143 245 2206 Non
267 2147 346 2206 euim
370 2146 450 2206 bono
473 2147 661 2208 conscientia
686 2150 743 2209 sed
766 2149 897 2208 victorio
924 2149 1072 2226 iiiiquutis

63 2240 113 2294 cst
124 2231 308 2308 proemium.
343 2228 425 2302 Quae
446 2231 471 2288 si
491 2247 562 2290 vera
580 2239 696 2305 essent,
717 2233 908 2309 pessimorum
928 2231 1072 2290 hominum

62 2317 157 2390 ior-et,
173 2311 247 2372 haec
262 2321 318 2372 tam
331 2313 496 2391 perniciosa
511 2315 723 2374 nocentissimis
738 2313 866 2374 moribus
882 2313 951 2373 dare
967 2317 1070 2372 instru-

62 2407 163 2459 menta
182 2406 211 2456 et
231 2399 388 2475 nequitiam
407 2400 573 2476 praeceptis
599 2398 745 2458 adiuvare.
788 2398 848 2458 Sed
868 2397 911 2457 illi
931 2399 1072 2457 rationem

66 2483 214 2562 opinionis
230 2499 299 2540 suae
314 2481 447 2540 viderint.

153 2565 216 2624 Nos
233 2573 327 2624 autem
347 2567 473 2642 ingressi
488 2565 613 2624 formare
629 2566 792 2643 perlectum
808 2576 971 2640 oratorem,
989 2575 1116 2642 quernas
1181 2601 1182 2604 ¹
1216 2591 1217 2594 ¹

66 2651 217 2729 inprimis
240 2667 307 2708 esse
329 2651 421 2708 virum
436 2648 542 2708 bonurn
562 2649 711 2724 volumus,
739 2651 774 2711 ad
796 2666 866 2726 eos,
894 2651 942 2728 qni
964 2649 999 2708 de
1015 2649 1072 2710 hoc

1 2729 2 2766 ³
68 2753 162 2814 opere
184 2733 287 2792 melius
310 2735 452 2808 sentiunt,
477 2742 666 2794 revertamur.
701 2733 880 2794 Rhetoricen
901 2742 996 2794 autem
1011 2735 1071 2810 qui·

1 2823 2 2862 3
68 2819 133 2878 darn
148 2817 270 2878 eandem
285 2817 459 2878 civilitatem
478 2835 546 2876 esse
568 2816 778 2886 iudicaverunt;
803 2815 909 2877 Cicero
925 2818 1073 2877 scientiae

1 2899 2 2959 l
69 2904 169 2964 civilis
187 2909 311 2980 purtem
331 2909 433 2976 vocat,
458 2901 551 2960 civilis
572 2909 666 2960 autern
689 2903 809 2962 scientia
830 2901 907 2961 idern
927 2899 1005 2980 quod
1027 2917 1071 2959 sa-

1 2987 2 3022 l
67 2989 177 3066 pientia
199 2994 260 3052 est,
282 2985 395 3063 quidam
416 2986 536 3045 eandem
551 2985 782 3064 philosophiam,
806 3003 928 3064 qnorum
950 2995 995 3045 est
1010 2984 1071 3044 Iso·

70 3081 177 3132 crates.
206 3067 282 3128 llnic
298 3072 361 3128 eins
376 3068 554 3128 substantiae
568 3071 689 3129 maxime
707 3072 861 3131 conveniet
876 3069 980 3146 linitio,
1004 3069 1115 3128 rho-34

1 3147 2 3224 ᾖ
74 3165 80 3168 ·
121 3158 186 3216 icen
215 3171 283 3216 esse
313 3154 389 3214 bene
417 3153 543 3214 dicendi
569 3155 738 3215 seientiam.
781 3153 853 3214 Nam
879 3163 908 3213 et
933 3154 1071 3212 orationis
1208 3151 1217 3210 Ῐζ

1 3233 2 3242 ’
128 3257 168 3298 :es
184 3238 306 3297 virtutes
330 3235 421 3296 semel
444 3237 646 3314 complectitur
670 3246 698 3297 et
718 3241 848 3316 protinus
869 3255 966 3298 mores
987 3232 1112 3295 etiam'

133 3324 212 3398 oris,
230 3339 292 3380 cum
308 3320 383 3380 hene
399 3319 497 3380 dicere
514 3339 571 3380 non
585 3325 680 3399 possit
694 3324 749 3381 nisi
764 3322 867 3382 bonus.
898 3321 978 3381 ldem
992 3320 1114 3380 valet35

128 3408 272 3483 rysippi
293 3405 356 3464 suris
376 3404 428 3464 ille
449 3405 551 3464 ductus
574 3403 748 3466 acleanthe
764 3405 895 3468 scientio
917 3412 1001 3465 reete
1024 3404 1072 3463 di·
1126 3475 1128 3480 ,
1187 3417 1211 3472 :a

124 3492 171 3554 di.
210 3488 281 3549 Sunt
301 3489 401 3567 plures
418 3489 547 3580 eiusdem
563 3489 615 3549 sed
631 3490 666 3549 ad
687 3491 758 3550 alias
778 3492 965 3568 quaestiones
980 3489 1072 3564 magis
