2494 3952
347 195 786 263 rusn.oasnoa.n1u.x1‚1.
1003 191 1060 252 193

52 352 200 417 orationis
225 358 342 414 ornatus
367 353 547 430 maximeque
575 369 612 411 ex
637 350 804 427 affectibus,
832 369 905 431 quos
929 353 971 414 illi
992 357 1060 418 vitia

50 434 165 496 dicunt.
202 432 300 494 Verba
323 451 438 513 quoque
460 436 647 514 exquisitiora
668 443 697 494 et
718 437 891 513 compositio
907 455 1060 519 numerosa

50 519 106 578 tali
123 521 277 597 proposito
293 517 416 578 diversa.
447 518 512 582 Non
529 520 603 582 enim
619 518 684 580 sola
704 519 754 579 illa
769 518 908 596 laetiora,
933 523 1028 599 qualia
1043 533 1103 590 ass

49 600 204 662 Cicerone
219 602 359 676 dicuntur,
373 600 462 664 Saxo
477 611 568 682 utque
583 602 763 666 solitudines
776 605 845 664 occi
856 609 1060 682 respoudeat:

50 685 212 746 sedetiam
232 685 298 759 illa,
321 702 482 763 quanquam
498 686 590 765 plena
610 687 775 763 sanguinis,
807 684 866 750 Vos
889 690 968 750 euim
985 691 1058 766 iam,

49 767 172 830 Album
180 769 286 830 tumult
296 776 388 850 ctqate
400 770 472 844 luci,
484 789 548 848 cos,
561 773 695 849 inquom,
709 771 839 848 imploro
852 778 943 850 utque
954 779 1057 850 testor,

48 870 180 931 cosque,
194 850 381 916 Albanorum
395 853 523 916 obrutae
537 873 625 929 orae,
641 873 803 916 sacrorum
813 857 919 932 populi
929 854 1061 918 Romani

50 939 163 998 seclae
178 944 207 998 et
228 937 390 1014 aequales,
412 953 470 997 non
490 939 662 999 conveniant
680 936 789 998 barbae
810 936 853 997 illi
870 947 956 1017 atque
972 940 1058 999 tristi·

49 1021 124 1080 tiae.
159 1019 198 1078 ht
214 1021 260 1078 vir
275 1019 368 1080 civilis
385 1037 515 1098 vereque
538 1023 671 1100 sapiens,
695 1023 743 1099 qni
759 1040 792 1082 se
808 1037 865 1081 non
881 1023 983 1082 otiosis
1002 1023 1101 1087 dis-35
1177 1050 1186 1066 κ

50 1103 252 1182 putationibus
274 1103 326 1163 sed
348 1101 637 1168 administrationibus
652 1107 695 1166 rei
714 1104 850 1184 publicae
866 1106 1023 1182 dediderit,
1041 1126 1057 1167 a

50 1205 112 1268 qua
138 1187 305 1263 longissime
332 1188 395 1262 isti,
418 1189 466 1266 qui
489 1187 655 1267 philosophi
679 1197 833 1264 vocantur,
860 1198 1056 1265 recesserunt,
1105 1229 1109 1236 f

50 1272 161 1346 omnia,
181 1288 255 1349 quae
271 1271 307 1331 ad
319 1270 501 1333 alliciendum
515 1274 646 1336 oratione
658 1272 735 1352 quod
747 1273 934 1352 proposuerit
947 1273 1055 1348 valent,

50 1354 181 1415 libenter
197 1353 357 1415 adhibebit:
386 1357 560 1434 cumprius,
576 1357 644 1434 quid
660 1356 811 1417 honestum
827 1357 878 1432 sit,
893 1356 1013 1419 allicere
1028 1357 1057 1416 in

51 1440 150 1498 animo
173 1454 225 1498 suo
249 1439 437 1497 constituerit.
481 1437 533 1498 Est
561 1440 638 1519 quod
668 1441 814 1519 principes
841 1439 960 1517 deceat,
993 1440 1100 1506 aliis36

50 1539 113 1584 non
129 1524 323 1582 concesseris.
357 1521 564 1600 Imperatorum
582 1542 617 1584 ae
636 1523 847 1603 triumphalium
862 1533 996 1603 separata
1011 1533 1056 1583 est

50 1605 152 1684 aliqua
175 1623 212 1665 ex
233 1613 316 1684 parte
334 1606 408 1664 ratio
431 1606 631 1685 eloquentiae,
665 1609 740 1668 siout
765 1607 920 1686 Pompeius
942 1603 1055 1670 abunde

51 1690 180 1750 disertus
201 1707 297 1749 rerum
318 1706 432 1748 suarum
451 1699 598 1766 narrator,
622 1700 650 1752 et
668 1691 732 1766 hic,
757 1693 805 1771 qui
826 1690 906 1751 bello
925 1691 1002 1752 civili
1022 1709 1055 1750 se

50 1773 217 1848 interiecit,
238 1769 310 1832 (lato
327 1770 467 1850 eloquens
484 1781 601 1833 senator
614 1775 675 1834 luit.
705 1774 783 1834 Idem
799 1775 905 1834 dietum
920 1793 1010 1853 saepe
1027 1775 1097 1841 inat

53 1856 113 1916 alio
131 1855 267 1931 liberum,
291 1857 320 1914 in
334 1855 392 1916 alio
408 1857 562 1931 luriosum,
586 1859 614 1916 in
629 1857 686 1917 alio
702 1856 857 1935 superbum
873 1867 926 1918 est.
957 1856 1055 1917 Verba

52 1939 196 2000 aduersus
212 1938 456 2016 Agamemnonem
476 1957 493 1999 a
510 1939 645 2000 Thersite
667 1940 763 2000 habita
782 1940 924 2009 ridentum
947 1941 983 2000 da
1006 1939 1055 2000 illa

52 2022 188 2082 Diomedi
205 2021 290 2082 aliive
306 2023 351 2081 cui
368 2024 444 2101 pari:
461 2041 593 2101 magnum
610 2025 731 2085 animum
747 2025 825 2084 ierre
841 2041 911 2102 prae
926 2041 959 2084 se
974 2024 1054 2084 vide·

52 2106 170 2166 huntur.
198 2104 264 2184 Epo
279 2115 309 2166 te
325 2107 477 2168 consulem
490 2115 603 2186 puteum
620 2109 709 2187 inquit
723 2107 754 2168 t.
772 2105 894 2168 Crassus
910 2106 1054 2185 Philippo,

10 2227 12 2232 ,
53 2197 169 2252 comto
184 2209 301 2252 menon
309 2199 400 2268 putes
411 2194 603 2254 seruatorem?
623 2191 690 2250 Vox
706 2193 926 2253 honestissimae
939 2190 1054 2250 liberta·

53 2275 108 2342 tis;
125 2288 182 2333 non
200 2282 293 2334 tamen
311 2273 404 2334 lerres
417 2292 616 2354 quemcunque
629 2276 781 2336 dicentem.
805 2273 901 2351 Negat
917 2292 949 2333 se
960 2274 1098 2350 magmas

52 2358 157 2418 tacere
174 2357 277 2437 aliquis
293 2366 458 2435 poetarum,
476 2367 577 2422 utrum
593 2357 711 2421 Caesar
726 2367 794 2420 uter
808 2376 850 2418 on
866 2358 955 2420 uibus
969 2357 1055 2420 homo

51 2443 105 2518 sit,
121 2443 244 2510 insania;
268 2450 361 2518 verte,
380 2441 500 2502 utilem
518 2440 628 2508 Gaesar
645 2442 680 2502 de
695 2443 745 2502 illo
761 2442 876 2516 dixerit,
891 2441 1055 2518 arrogantia

53 2534 110 2586 est.
139 2523 232 2585 blaior
247 2527 275 2584 in
289 2527 423 2604 personis
441 2525 606 2587 observatio
621 2535 666 2586 est
681 2525 756 2604 apud
768 2526 896 2602 tragicos
912 2525 1054 2585 comicos·

54 2627 124 2688 que,
142 2609 238 2668 multis
251 2611 325 2669 enim
339 2617 455 2668 utuntur
470 2619 500 2669 et
514 2611 609 2670 variis.
635 2609 745 2670 Eadem
761 2618 791 2668 et
803 2623 912 2683 eorum,
930 2608 978 2685 qui
990 2623 1054 2665 ora·

54 2695 152 2754 tiones
174 2693 236 2752 aliis
258 2690 440 2767 scribebant,
462 2694 514 2752 luit
534 2695 608 2753 ratio
625 2701 653 2752 et
668 2692 887 2752 declamantium
903 2700 957 2750 est.
989 2687 1055 2748 Non

56 2778 133 2836 enim
145 2794 261 2854 semper
272 2783 302 2834 ut
314 2775 447 2837 advocati
458 2776 510 2836 sed
523 2775 693 2855 plerumque
703 2785 733 2835 ut
744 2775 907 2852 litigatores
922 2774 1052 2835 dicimus.

140 2858 249 2918 Verum
267 2862 352 2922 etiam
366 2861 394 2920 in
416 2858 459 2918 his
478 2861 588 2936 causis,
613 2859 715 2938 quibus
736 2859 927 2932 advocamur,
955 2855 1098 2918 eudemus

55 2943 219 3004 differentia
241 2943 394 3021 diligenter
418 2952 462 3002 est
483 2942 681 3005 custodienda.
711 2941 822 3004 Utimur
843 2942 917 3002 enim
937 2940 1054 2999 fictione

55 3043 244 3105 personarum
260 3035 289 3086 et
304 3027 383 3086 reiut
399 3043 451 3086 ore
471 3027 565 3088 alieno
584 3028 741 3106 loquimur,
765 3026 907 3104 dandique
925 3031 990 3082 sunt
1007 3022 1053 3096 iis,

56 3109 160 3190 quibus
185 3127 288 3170 vocem
312 3111 575 3189 accommodamus,
602 3112 645 3172 sui
670 3127 777 3172 mores.
805 3108 900 3169 Aliter
924 3107 998 3168 enim
1022 3104 1052 3164 P.

57 3193 176 3254 Clodius
201 3194 284 3254 aliter
305 3193 417 3273 Appius
439 3192 569 3273 Caecus,
589 3196 674 3257 aliter
692 3191 875 3254 Caecilianus
896 3191 947 3251 ille
970 3188 1054 3248 aliter

56 3276 245 3338 Terentianus
261 3287 344 3356 pater
361 3277 485 3355 lingitur.
511 3276 585 3351 Quid
600 3279 732 3357 asperius
747 3279 852 3340 liotore
866 3274 983 3335 Verris:
1018 3267 1055 3332 [lt

10 3423 11 3428 ,
55 3363 166 3437 odeas,
181 3369 297 3424 tontum
310 3363 421 3424 dubis?
447 3360 521 3434 Quid
531 3363 634 3424 lortius
647 3361 710 3437 illo,
728 3364 808 3423 cuins
823 3362 897 3420 inter
912 3360 977 3436 ipsa
991 3353 1100 3416 ver-40

57 3443 158 3506 berum
174 3445 316 3524 supplicia
338 3463 393 3506 una
408 3462 466 3505 vox
484 3447 667 3508 audiebatur:
691 3443 775 3510 (licie
793 3443 947 3508 Romanus
966 3439 1055 3502 suas?

10 3541 11 3586 ἲ
98 3550 119 3587 u
149 3550 173 3587 r.
192 3533 348 3598 purarumll.
838 3527 876 3588 13
