2494 3952
207 213 265 273 114
517 227 553 272 nn.
569 225 647 272 unu.
666 223 886 283 ournrmmrrr

205 378 284 439 etde
300 379 429 455 pluribus
445 377 642 455 singulariter:

286 460 380 523 Haud
395 481 485 525 secus
506 479 545 522 ac
559 463 669 539 patriis
691 479 767 522 acer
785 459 942 522 Romanum
959 461 992 520 in
1011 463 1118 522 armis.

159 545 309 623 urspeoie
328 546 443 605 diversa
458 544 510 604 sed
525 562 635 621 genere
658 545 758 604 eadem
774 553 803 603 et
819 542 892 604 haec
907 551 988 602 sunt:

287 626 370 690 Neve
391 631 444 691 libi
462 630 506 690 od
527 629 619 689 solem
637 635 765 707 seruant
785 628 887 688 vincto
909 629 1078 690 cadentem.

286 709 333 773 Ne
354 713 426 773 milti
448 721 509 773 tum
525 713 629 772 molles
643 712 699 772 sub
722 713 791 772 dieo
812 729 944 789 carpere
961 729 1092 787 somnos,

286 793 352 857 Nec
372 797 464 857 dorso
484 797 615 857 nemoris
635 795 728 856 libeat
744 797 879 855 iacuisse
894 812 952 872 per
973 794 1107 864 derbes,-

120 903 130 910 ·
201 881 347 938 nonenim
365 881 465 939 nescio
482 880 528 938 oui
544 879 592 938 alii
611 879 689 956 prius
706 896 762 938 uec
777 887 881 956 postea
903 876 957 936 sibi
979 878 1028 935 uni
1045 879 1099 938 sed
1116 881 1198 938 omni·

202 961 255 1021 bus
271 965 423 1041 praecipit.
464 961 501 1020 Et
523 962 558 1021 de
580 961 663 1020 nobis
681 961 823 1038 loquimur
839 969 971 1037 tanquam
987 959 1024 1020 de
1042 961 1124 1020 altis:
1149 961 1198 1023 Di·

159 1047 244 1105 atctt
257 1044 399 1120 Servius,
418 1054 511 1122 occat
534 1043 658 1106 Tullius.
703 1043 741 1104 Et
762 1053 862 1104 nostra
883 1061 1009 1122 persona
1025 1045 1132 1104 utimur
1152 1063 1200 1123 pro
1223 1049 1224 1052 ’

202 1128 310 1203 aliena,
333 1137 361 1188 et
377 1129 450 1188 alios
465 1145 519 1207 pro
536 1128 598 1188 aliis
614 1128 754 1205 fingimus.
797 1127 954 1204 Utriusque
975 1128 1019 1186 rei
1039 1129 1199 1207 exemplum

202 1228 255 1290 pro
268 1209 402 1272 Caecina.
425 1211 573 1288 Pisonem,
592 1213 732 1272 adversae
743 1213 832 1290 partis
844 1211 1031 1286 advocatum,
1048 1211 1199 1292 alloquem

203 1292 307 1355 Cicero
324 1296 406 1355 dicit:
422 1295 604 1358 Restiloisse
620 1305 648 1356 te
664 1297 761 1363 disti}
782 1313 858 1373 neqo
872 1313 920 1354 me
933 1313 974 1355 ec
989 1297 1090 1356 edicto
1108 1315 1199 1374 prae·
1223 1327 1225 1406 j

201 1380 276 1438 toris
293 1381 462 1440 restitutum
480 1399 565 1448 esse;
585 1397 685 1438 verum
701 1381 775 1438 enim
792 1377 862 1439 illud
877 1379 1046 1438 restituisse
1062 1378 1200 1438 Aebutius
1224 1407 1225 1430 t

203 1461 287 1536 dixit,
307 1458 431 1521 Caecina
447 1481 524 1540 oeyo
538 1482 585 1522 me
600 1480 639 1522 eac
654 1464 754 1524 edicto
768 1462 925 1540 praetoris
938 1462 1109 1522 restitutum
1121 1482 1200 1530 esse;

38 1605 41 1616 ,
145 1549 230 1603 utet
245 1545 338 1622 ipsum
356 1547 449 1619 dimi,
476 1561 599 1604 excusso
616 1546 744 1620 syllaba,
766 1546 857 1621 figura
873 1547 900 1604 in
915 1543 1017 1604 verbo.
1057 1544 1111 1604 llla
1135 1563 1199 1624 quo·

202 1645 258 1704 que
280 1645 317 1686 ex
344 1627 446 1687 eodem
468 1645 577 1704 genere
600 1639 721 1706 possunt
742 1628 850 1688 videri:
875 1646 959 1686 unum
983 1628 1060 1706 quod
1087 1629 1199 1689 inter·

201 1711 426 1787 positionem
444 1712 493 1771 vel
519 1712 827 1772 interclusionem
845 1711 982 1786 dicimus,
1010 1709 1199 1791 Graeciniu-

117 1803 119 1810 “
202 1791 332 1871 ἔνθεσιν,
358 1791 564 1874 emolunienti
584 1805 705 1870 vocant,
740 1796 804 1855 dum
831 1796 1036 1855 continuationi
1061 1797 1200 1855 sermonis

200 1877 310 1936 medius
326 1877 429 1956 aliquis
446 1897 548 1940 sensus
564 1881 730 1939 intervenit:
754 1876 819 1957 qu
838 1897 905 1940 carn
927 1885 956 1940 te
974 1879 1107 1957 (mecum
1125 1882 1199 1942 enirn

199 1962 379 2038 saepissime
389 1960 536 2042 'leonidam
551 1965 675 2042 patriae
689 1964 913 2031 reddidissem
937 1963 982 2021 cui
992 1961 1138 2022 adiiciunt
1153 1963 1198 2037 hy·
1224 1971 1225 1976 ’

159 2044 357 2124 niperbaton,
381 2047 458 2125 quod
473 2049 546 2106 inter
565 2056 667 2124 tropos
690 2065 756 2106 esse
773 2047 940 2111 noluerunt;
962 2044 1101 2122 alterum,
1127 2045 1199 2124 quod

201 2138 246 2189 est
259 2131 320 2189 eius
335 2129 444 2206 figurae
457 2131 676 2206 sententiarum,
690 2147 763 2208 quae
776 2120 949 2208 ἀποστροφὴ
960 2129 1080 2205 dicitur,
1097 2129 1198 2201 simile,

201 2212 253 2273 sed
268 2231 326 2278 non
340 2231 456 2273 sensum
466 2222 554 2273 mutat
565 2231 666 2272 vemm
680 2213 800 2274 formam
816 2212 987 2290 eloquendi:

351 2331 394 2342 —-
406 2296 534 2373 Decios,
557 2295 673 2357 llorios
688 2313 875 2376 moestosque
891 2293 1046 2371 Camillos,

284 2378 453 2458 Scipiadas
474 2381 571 2442 duros
590 2381 666 2442 bello
686 2389 714 2443 et
735 2390 779 2457 te,
801 2381 934 2442 mammo
956 2376 1085 2440 Caesar.
1108 2433 1113 2439 .

115 2509 140 2520 .,
157 2474 192 2526 25
200 2460 320 2521 Acutius
339 2461 432 2522 adhuc
447 2464 475 2522 in
491 2463 654 2538 Polydoro:

241 2541 305 2606 Fas
325 2565 412 2608 omne
433 2547 605 2624 abrumpit,
624 2545 804 2626 Polydorum
826 2547 989 2607 obtruncat
1016 2553 1047 2608 et
1066 2564 1149 2606 cairo

246 2625 282 2689 Vi
295 2632 416 2707 poitur.
461 2629 618 2703 Quidnam
637 2631 779 2692 mortalia
796 2637 925 2708 pectora
947 2629 1031 2706 coqis
1223 2655 1225 2756 4

241 2709 320 2774 Auri
339 2731 436 2776 soora
453 2714 575 2793 fomes?
1224 2761 1225 2770 t

200 2792 239 2869 li,
256 2797 303 2872 qni
312 2805 372 2856 ‘tam
384 2815 472 2876 parva
485 2806 626 2858 momenta
638 2797 797 2857 nominibus
810 2795 1026 2872 discreverunt,
1043 2789 1201 2877 μετάβασιν

201 2888 324 2956 vocant,
342 2897 425 2957 quarn
442 2890 471 2941 et
488 2881 573 2941 aliter
589 2881 651 2940 deri
666 2888 782 2958 putant:

449 2962 530 3037 Ouid
548 2966 677 3043 loquor?
699 2973 753 3025 orit
773 2963 826 3025 obi
843 2963 933 3024 sum?

155 3053 192 3108 26
200 3039 352 3105 Coniunxlt
363 3056 457 3106 autem
469 3045 648 3127 παρὲνθεσιν
659 3057 687 3107 et
699 3039 1040 3126 ducoroooiivl'ergilius
1054 3045 1110 3108 illo
1122 3047 1200 3108 loco:

242 3127 337 3190 Haud
347 3133 460 3208 procot
472 3133 545 3192 iride
559 3133 640 3192 ciloo
654 3129 777 3194 Melicum
791 3131 960 3192 indiverso
974 3133 1155 3209 quadriyoe

241 3209 448 3290 Distuleront,
466 3213 516 3291 (ot
531 3223 562 3274 tu
586 3216 678 3276 dictis
691 3212 810 3276 Alione
823 3213 995 3291 moneresi)

242 3295 460 3374 Raptabolque
473 3298 534 3359 oiri
548 3299 708 3360 mendacis
721 3299 844 3360 siccem
861 3294 975 3358 Tullus.

155 3377 280 3442 annaeo
301 3378 447 3440 schemata
463 3388 510 3440 aut
530 3380 574 3439 his
592 3381 709 3456 similia,
734 3398 808 3458 qnae
831 3387 913 3440 emnt
929 3395 984 3456 per
1006 3380 1203 3448 mutationem,

199 3461 407 3541 adiectionem,
436 3465 659 3540 detractionem,
688 3465 832 3540 ordinem,
866 3471 896 3524 et
922 3456 1096 3526 coniertunt
1122 3463 1151 3521 in
1174 3474 1205 3518 se
