2494 3952
183 211 241 274 186
499 225 535 272 ru.
548 222 858 283 u'so.ou1un1n1au1

135 389 172 446 ιι
261 379 320 439 Sed
344 395 401 438 non
420 379 531 438 minore
554 379 650 439 studio
673 380 835 439 continetur
855 378 928 440 hacc
951 379 1073 440 facultas
1094 397 1184 458 quam

179 471 304 541 paratur.
335 461 393 522 Ars
411 463 486 522 enim
501 462 593 522 semel
611 471 752 542 percepta
768 480 825 522 uon
836 462 951 538 labitur,
967 463 1050 523 stilus
1061 480 1185 542 quoque

178 547 390 606 intermissione
399 545 545 625 paululum
556 546 707 607 admodum
718 547 755 607 de
763 545 914 608 celeritate
926 546 1073 626 deperdit;
1083 564 1185 626 prorn-

179 639 257 709 ptum
273 629 328 689 loc
345 639 374 689 et
388 632 416 688 iu
438 629 575 709 expedito
598 633 722 709 positum
741 630 951 692 exercitatione
969 631 1034 691 sola
1050 633 1187 690 contine·

178 724 233 773 tur.
268 713 330 775 llac
347 715 387 773 uti
402 716 445 774 sic
461 716 597 791 optimum
617 721 673 790 est,
690 722 722 773 ut
737 710 844 774 cotidie
856 714 982 774 dicamus
998 715 1187 774 audientibus

178 796 324 876 pluribus,
347 799 470 866 maxime
492 797 528 858 de
554 814 674 876 quorum
696 798 783 857 simus
806 797 912 858 indicio
932 808 1018 877 atque
1042 799 1188 877 opinione
1234 803 1235 808 ’

178 881 311 949 solliciti;
334 899 428 941 rarum
449 891 495 941 est
506 885 595 956 enim,
618 883 733 941 ntsatis
752 900 786 941 se
804 883 927 960 quisque
942 891 1087 942 vereatur.
1125 881 1188 942 Vel

133 966 233 1027 ussoli
249 975 343 1024 tamen
364 965 492 1026 dicamus
515 967 610 1044 potius
634 983 717 1043 quarn
741 967 854 1024 omnino
878 983 935 1025 non
956 966 1093 1026 dicamus.
1129 965 1189 1026 Est

178 1048 279 1108 stilla
303 1051 474 1108 exercitatio
503 1049 648 1126 cogitandi
675 1058 809 1128 totasque
829 1052 964 1110 materias
988 1049 1037 1110 vel
1063 1050 1187 1111 silentio

179 1132 260 1210 (duum
277 1141 372 1191 tamen
390 1134 473 1210 quasi
491 1133 570 1194 dicat·
588 1135 660 1192 intra
685 1150 718 1192 se
732 1134 845 1214 ipsum)
867 1133 1081 1212 persequendi,
1106 1152 1187 1213 quae

177 1216 256 1275 nullo
271 1233 328 1275 non
345 1226 374 1276 et
392 1225 524 1295 tempore
542 1225 571 1276 et
587 1217 671 1292 loco,
693 1217 806 1294 quando
822 1234 880 1276 non
897 1217 975 1278 aliud
990 1218 1112 1295 agimus,
1132 1236 1185 1277 ex-

178 1300 279 1378 plicari
304 1309 417 1378 potest,
441 1309 470 1360 et
487 1310 532 1360 est
551 1303 580 1360 iu
604 1309 685 1380 parte
706 1300 805 1361 utilior
831 1318 915 1378 quam
941 1301 1015 1361 baec
1038 1303 1183 1380 proxima.

133 1383 350 1461 26Diligeutius
366 1387 441 1444 eninr
459 1387 641 1463 componitur
658 1398 742 1462 qnam
757 1385 821 1461 illa,
837 1386 866 1444 iu
883 1402 942 1464 qua
957 1394 1124 1447 contextum
1141 1385 1184 1444 di-

177 1468 260 1528 cendi
276 1469 464 1528 intermittere
474 1486 621 1528 veremur.
646 1467 756 1527 Rursus
773 1471 801 1528 in
817 1466 872 1528 alia
883 1468 947 1547 plus
961 1469 1043 1548 prior
1054 1468 1184 1545 confert,

176 1553 258 1622 vocis
282 1551 458 1626 firmitatem,
484 1553 543 1611 oris
566 1551 751 1626 facilitatem,
775 1562 881 1612 motum
905 1553 1056 1632 corporis,
1078 1555 1129 1631 qui
1153 1562 1185 1612 et

177 1638 257 1712 ipse,
280 1643 311 1694 ut
330 1634 404 1711 dixi,
427 1636 536 1694 excitat
561 1645 708 1696 oratorem
730 1644 758 1695 et
780 1637 935 1696 iactatione
956 1655 1073 1713 manns,
1094 1637 1182 1715 pedis

177 1717 383 1797 supplosione,
413 1719 488 1778 sicut
511 1719 601 1780 canda
623 1719 726 1779 leones
746 1720 845 1780 facere
869 1719 1017 1796 dicuntur,
1038 1719 1180 1780 bortatur.

131 1802 352 1864 atstandandans
363 1821 435 1863 vero
451 1821 567 1882 semper
585 1813 614 1862 et
629 1803 746 1881 ubique.
777 1802 880 1882 Neque
893 1805 967 1863 enim
983 1804 1046 1864 fere
1062 1813 1120 1864 tarn
1136 1813 1183 1863 est

176 1887 251 1946 ullus
272 1886 334 1946 dies
351 1896 527 1966 occupatus,
549 1896 580 1946 ut
601 1886 670 1946 nihil
692 1887 866 1962 lucrativae,
889 1898 919 1947 ut
942 1885 1047 1948 Cicero
1063 1887 1181 1948 Brutum

177 1972 276 2029 facere
292 1971 388 2046 tradit,
405 1988 514 2049 operae
535 1972 571 2031 ad
587 1971 769 2031 scribendum
785 1981 833 2031 ιιι
848 1971 1003 2048 legendum
1018 1981 1067 2032 aut
1081 1974 1180 2032 dicen-

176 2055 240 2114 dum
256 2055 317 2132 rapi
328 2053 425 2132 aliquo
436 2063 581 2115 momento
593 2056 733 2132 temporis
745 2055 848 2134 possit.
876 2055 1024 2135 Siquidem
1037 2053 1069 2116 0.
1083 2053 1179 2115 Carbo

176 2137 261 2196 etiam
282 2139 310 2197 in
333 2137 521 2198 tabernaculo
543 2136 659 2198 solebat
678 2138 734 2198 bac
754 2140 794 2198 uti
822 2140 1032 2199 exercitatione
1054 2139 1179 2200 dicendi.

130 2219 219 2284 28Ne
236 2221 264 2281 id
280 2221 394 2299 quidem
409 2224 572 2297 tacendum,
589 2221 667 2300 quod
684 2222 778 2282 eidem
798 2219 933 2282 ciceroni
949 2222 1057 2301 placet,
1073 2223 1181 2283 nullum

174 2313 303 2364 nostrum
323 2323 443 2383 usquam
464 2305 659 2383 negligentem
680 2325 748 2365 esse
775 2323 950 2388 sermonem
973 2306 1111 2386 quidquid
1137 2307 1179 2367 lo·

176 2406 295 2466 quemur
308 2388 488 2466 ubicunqne,
510 2391 547 2448 sit
569 2406 622 2466 pro
645 2407 696 2450 sua
717 2390 832 2450 scilicet
850 2391 984 2469 portione
1005 2391 1179 2470 perfectum.

175 2470 363 2531 Scribendum
385 2480 466 2530 certe
489 2489 630 2550 nunquam
654 2483 699 2534 est
720 2476 828 2552 magis,
850 2491 934 2552 quam
955 2492 1019 2535 cnm
1034 2475 1123 2534 multa
1140 2475 1181 2535 di·

176 2572 274 2613 cemus
298 2572 336 2614 cx
354 2563 496 2633 tempore.
534 2554 577 2615 lta
592 2558 667 2616 enim
682 2557 845 2617 servabitur
859 2558 989 2636 pondus,
1005 2567 1035 2618 et
1050 2559 1181 2619 innatans

176 2637 225 2698 illa
240 2636 396 2699 verborum
411 2639 565 2711 facilitas'
556 2657 585 2699 uu
602 2640 689 2700 alturo
706 2642 876 2710 reducctnr;
899 2643 974 2701 sicut
993 2643 1094 2702 rustici
1110 2660 1179 2720 pro·

174 2723 265 2782 ximas
282 2724 350 2782 vitis
364 2722 480 2783 radices
498 2733 659 2802 amputant,
683 2742 758 2802 quae
780 2725 887 2785 illam'
879 2744 908 2784 uu
927 2742 1065 2786 summum
1085 2726 1236 2786 solum
1235 2753 1236 2758 ¹

130 2813 167 2864 ιι
175 2805 291 2881 ducunt
308 2814 339 2866 ut
353 2807 508 2867 inferiores
524 2810 638 2886 penitus
656 2807 862 2869 descendendo
879 2811 1035 2870 firmentur.
1069 2810 1114 2868 Ac
1129 2828 1178 2869 ne·

175 2889 237 2948 scio
255 2906 301 2964 an,
318 2891 343 2950 si
358 2899 510 2968 ntmrnque
527 2910 590 2951 cum
612 2909 681 2950 cura
705 2901 735 2952 et
750 2892 844 2952 studio
862 2891 1064 2968 fecerimus,
1055 2895 1180 2954 ruvicern

175 2973 281 3048 prosit,
303 2980 334 3032 nt
348 2971 504 3034 scribendo
523 2973 650 3034 dicamus
665 2975 848 3053 diligentius,
873 2976 996 3037 diceudo
1017 2976 1179 3038 scribamus

174 3055 297 3116 facilins.
329 3056 520 3118 Scribendum
536 3074 625 3136 ergo,
642 3061 777 3136 quotiens
793 3058 908 3128 licebit;
930 3061 955 3120 si
975 3059 1004 3119 id
1026 3077 1084 3132 non
1099 3061 1180 3121 dabi-

174 3148 230 3216 tur,
247 3141 445 3218 cogitandum
466 3141 502 3202 ab
518 3141 642 3220 utroque
663 3142 775 3203 exclusi
790 3142 897 3203 debent
912 3152 1006 3204 tamen
1022 3145 1127 3221 anniti,
1150 3153 1181 3204 ut

174 3240 269 3302 neque
285 3224 484 3304 deprehensus
508 3233 607 3284 orator
629 3243 724 3305 neque
740 3225 869 3305 litigator
883 3225 1036 3288 destitutus
1054 3245 1122 3288 esse
1138 3229 1181 3288 vi·

174 3307 285 3367 deatur.

18 3405 29 3423 ‘
131 3393 167 3448 30
256 3389 429 3470 Plerumque
457 3399 553 3452 autern
573 3393 661 3454 multa
683 3394 835 3471 agentibus
858 3393 980 3470 accidit,
998 3403 1028 3454 ιι
1055 3394 1179 3456 maxime

177 3475 342 3534 necessaria
357 3484 387 3534 et
408 3476 507 3555 utique
522 3477 604 3546 initia,
617 3476 760 3555 scribant,
781 3486 880 3540 cetere
902 3495 977 3556 quae
997 3477 1084 3539 domo
1107 3477 1179 3540 alle·
