2446 3962
188 189 247 252 118
501 202 862 264 commemoratorum

185 358 279 419 diator
295 353 413 420 Clodius
436 357 562 439 ideoque
583 359 645 416 iure
668 357 838 417 interiectos
859 351 1029 416 ostenditur.
1069 356 1106 418 lit
1122 358 1174 419 hoc

185 449 240 517 est,
261 441 337 520 quod
352 451 418 502 ante
434 443 526 503 omnia
542 443 719 502 constituere
729 441 758 501 in
771 441 864 502 animo
880 455 933 500 suo
950 440 1056 501 debeat
1068 451 1172 515 orator,

184 526 295 586 etiamsi
315 543 370 604 pro
395 543 482 587 causa
503 526 585 605 plura
608 527 735 586 dicturus
758 533 818 599 est,
841 523 909 602 quid
929 524 1052 586 maxime
1068 525 1174 604 liquere

183 609 270 668 iudici
292 610 373 670 uelit.
411 609 495 685 Quod
516 619 627 685 tamen,
647 617 678 668 ut
698 611 818 688 primum
840 608 1041 685 cogitandum,
1065 610 1103 669 ita
1123 626 1174 668 non
1203 633 1205 652 τ

183 694 282 772 utique
297 695 417 772 primum
433 693 582 754 dicendum
599 694 662 753 erit.

526 845 628 896 UNDE
646 843 839 896 nuceium.

143 941 176 997 lii
267 938 327 999 Alii
342 949 445 1002 statum
460 940 645 1001 crediderunt
657 942 774 1019 primam
791 941 863 1016 eius,
881 956 945 999 cum
961 955 1018 1016 quo
1033 947 1175 1017 ageretur,

183 1023 429 1101 deprecationem.
464 1023 556 1098 Quom
571 1027 742 1084 sententiam
756 1022 800 1084 his
815 1022 914 1084 verbis
931 1020 1037 1084 Cicero
1054 1022 1176 1101 comple·
1201 1005 1205 1076 i

184 1109 283 1167 ctitur:
305 1109 338 1169 in
353 1123 412 1188 quo
425 1110 558 1189 primstm
573 1110 684 1171 insistit
701 1108 792 1188 quud
805 1108 851 1170 od
864 1107 1100 1186 repugnandum
1114 1125 1176 1168 con·
1203 1133 1205 1184 ς

181 1187 292 1270 presso
308 1193 454 1273 defensio.
486 1191 568 1254 Unde
583 1211 683 1253 rursus
699 1191 754 1253 alia
770 1192 918 1270 quaestio,
935 1207 971 1250 an
987 1209 1052 1250 eum
1068 1207 1177 1269 semper
1203 1201 1206 1212 ·

183 1278 208 1334 is
228 1275 333 1351 iaciat,
355 1279 403 1355 qni
423 1277 593 1356 respondet.
632 1275 684 1337 Cui
704 1277 747 1337 rei
769 1277 928 1354 praecipue
951 1283 1095 1354 repugnat
1111 1272 1176 1334 Gor·
1204 1271 1206 1302 ³

183 1357 277 1418 nelius
304 1356 408 1420 Celsus
430 1361 547 1437 dicens,
577 1379 635 1420 non
658 1378 675 1421 a
697 1359 870 1438 depulsione
893 1359 966 1418 sumi
994 1357 1048 1418 sed
1071 1357 1107 1418 ab
1134 1373 1176 1431 eo,
1204 1337 1206 1410 l

184 1443 233 1520 qui
248 1446 478 1521 propositionem
493 1463 574 1505 suam
595 1445 758 1512 confirmem
782 1451 829 1520 ut,
850 1445 874 1502 si
892 1443 1036 1503 hominem
1054 1443 1177 1502 occisum
1204 1470 1206 1528 !

182 1544 252 1586 reus
267 1536 370 1604 negat,
392 1536 483 1588 status
497 1528 533 1588 ab
549 1537 720 1589 accusatore
735 1537 886 1603 nascatur,
907 1528 974 1606 quia
989 1528 1014 1585 is
1029 1526 1101 1586 velit
1116 1540 1177 1604 pro·
1204 1545 1206 1576 ι

183 1610 269 1678 bare;
292 1612 317 1669 si
338 1613 402 1672 iure
425 1613 554 1674 occisum
572 1630 641 1672 reus
664 1613 748 1688 dicit,
769 1611 906 1672 translata
929 1610 1109 1689 probationis
1134 1625 1178 1667 ne·
1204 1623 1206 1664 ε

142 1694 323 1755 necesitate
340 1694 416 1756 idem
433 1714 450 1756 a
469 1714 523 1756 reo
543 1697 607 1773 liat,
631 1705 661 1757 et
684 1698 721 1756 sit
739 1696 801 1756 eius
819 1695 950 1755 intentio.
985 1692 1039 1754 Gni
1056 1709 1114 1752 non
1137 1707 1178 1751 ac·
1204 1701 1206 1762 3

184 1779 259 1838 cedo
284 1779 431 1858 equidem
458 1799 522 1841 nam
548 1790 595 1841 est
613 1797 685 1840 vero
706 1780 826 1860 propius
848 1776 926 1857 qnod
947 1785 1048 1838 contra
1070 1777 1180 1850 dicitur,
1204 1775 1206 1826 l

183 1862 290 1926 nullam
306 1881 374 1924 esse
390 1864 486 1941 litem,
510 1866 535 1925 si
549 1867 592 1942 is,
613 1883 677 1925 cum
694 1881 752 1942 quo
771 1871 889 1940 agatur,
909 1860 978 1921 nihil
993 1858 1179 1940 respondeat,

141 1947 309 2025 ltideoque
336 1948 398 2008 lieri
423 1958 527 2009 statum
551 1966 568 2008 n
591 1948 798 2027 respondente.
833 1945 900 2007 lllea
922 1954 1018 2006 tamen
1043 1943 1180 2004 sententia

183 2032 293 2090 varium
309 2031 338 2091 id
357 2040 418 2108 est,
439 2041 469 2093 et
489 2029 594 2094 occidit
614 2047 667 2109 pro
690 2031 862 2091 condicione
883 2046 1050 2105 causarum,
1074 2029 1141 2108 quia
1156 2034 1181 2086 ct

181 2113 276 2174 videri
293 2123 392 2192 potest
408 2117 571 2196 propositio
587 2115 742 2194 aliquando
765 2123 869 2175 statum
883 2114 999 2188 iacere,
1022 2122 1054 2173 ut
1068 2115 1097 2172 in
1114 2127 1179 2172 eon·

183 2198 372 2261 iecturalibus
395 2202 507 2269 causis;
527 2200 616 2260 utitur
639 2201 714 2259 enim
735 2200 902 2260 coniectura
923 2199 1015 2274 magis
1040 2198 1089 2274 qui
1109 2195 1179 2272 agiis

185 2283 259 2362 (quo
281 2286 351 2343 moti
371 2285 486 2363 quidam
508 2284 630 2346 eundem
650 2303 667 2346 a
687 2301 741 2344 reo
764 2283 922 2362 infidelem
944 2299 1012 2340 esse
1035 2279 1179 2356 dixerunt)

185 2375 215 2426 ct
235 2369 264 2425 in
285 2366 460 2444 syllogismo
483 2377 543 2428 tota
565 2369 747 2428 ratiocinatio
769 2367 806 2427 ab
828 2383 865 2426 eo
887 2375 950 2440 est,
978 2366 1027 2443 qui
1053 2363 1180 2423 intendit.

142 2448 327 2526 roseoque
347 2450 462 2511 videtur
482 2451 539 2511 illis
561 2468 679 2530 quoque
700 2451 907 2512 necessitatem
929 2448 984 2508 hos
1006 2456 1097 2508 status
1117 2463 1181 2507 exc-

185 2533 291 2612 qnendi
305 2533 406 2594 iacere
422 2536 470 2614 qui
485 2544 589 2612 negat,
613 2535 655 2613 (is
675 2537 790 2595 enimsi
806 2533 898 2609 dicat,
919 2553 979 2595 nors
999 2533 1079 2611 feci,
1098 2536 1182 2608 coget

184 2618 381 2678 adversarium
402 2620 570 2680 coniectura
592 2621 648 2689 uti;
672 2629 702 2680 et
723 2622 747 2679 si
770 2620 861 2694 dicat,
882 2637 943 2680 uon
964 2617 1181 2694 lobesingen,

185 2701 375 2784 syllogismo)
393 2703 587 2764 concedamus
601 2721 639 2764 ex
654 2704 827 2784 depulsione
839 2702 919 2762 nasci
935 2710 1050 2760 statum.
1075 2697 1182 2758 Nihilo·

184 2787 277 2846 minus
301 2789 375 2848 enim
395 2805 445 2848 res
468 2805 504 2849 eo
520 2797 703 2864 revertetur,
725 2797 756 2849 ut
776 2785 863 2847 modo
883 2787 908 2845 is
931 2785 979 2863 quui
1000 2785 1076 2862 agit,
1099 2779 1182 2842 modo

143 2871 176 2928 17
185 2871 209 2928 is
232 2889 296 2931 cum
319 2889 376 2949 quo
398 2875 506 2950 agitur,
530 2882 635 2934 statum
654 2873 750 2932 iaciat.
782 2872 826 2931 Sit
847 2871 922 2930 enim
942 2869 1123 2929 accusatoris
1145 2866 1183 2922 in·

52 2955 53 2960 ’
185 2956 291 3030 tentio,
307 2954 465 3017 Hmreinem
479 2958 630 3019 occidisti.
660 2957 692 3016 Si
706 2963 796 3033 neget
812 2971 897 3029 reus,
916 2953 1005 3014 iaciat
1019 2959 1122 3011 statum
1139 2945 1184 3026 qui

184 3045 283 3114 negat.
333 3037 408 3112 Quid
428 3042 453 3099 si
478 3041 632 3100 confitetur
650 3040 704 3100 sed
729 3042 799 3101 iure
819 3058 840 3100 a
860 3056 895 3100 se
915 3038 1093 3100 adulterum
1118 3033 1185 3094 dicit

184 3123 344 3184 occisum?
376 3141 481 3202 nempe
507 3124 605 3202 legem
632 3142 700 3184 csse
724 3133 835 3184 certum
861 3130 907 3181 est
932 3137 1008 3200 quae
1030 3118 1183 3198 permittat.

184 3205 248 3266 Nisi
269 3205 377 3285 aliquid
401 3217 554 3269 accusator
573 3206 749 3286 respondet,
771 3205 850 3267 nulls
874 3205 910 3265 lis
933 3214 988 3266 est.
1031 3201 1099 3266 Non
1115 3199 1183 3280 soii,
1205 3197 1207 3274 ἶ

185 3292 294 3369 inquit,
312 3291 456 3365 adultam·
474 3310 546 3370 ergo
563 3291 697 3370 depulsio
715 3292 817 3371 incipit
834 3306 901 3349 esse
918 3290 1046 3364 actoris,
1062 3285 1113 3346 ille
1129 3291 1184 3342 sta·
1205 3283 1207 3362 l

17 3429 21 3458 .:
185 3383 244 3435 tum
259 3376 356 3436 iacict.
392 3376 435 3437 lta
453 3377 507 3437 erit
525 3376 639 3456 quidem
656 3385 747 3437 status
763 3393 802 3436 ex
816 3375 907 3452 prima
923 3372 1110 3452 depulsione,
1153 3363 1186 3426 ed

17 3495 36 3546 ,3
144 3464 222 3522 18ea
238 3460 288 3521 liet
303 3461 338 3521 ab
355 3471 527 3524 accusatore
542 3478 600 3521 non
615 3477 707 3522 areo.
732 3455 827 3534 Quid?
844 3458 921 3538 quod
936 3457 1038 3518 eadem
1054 3469 1125 3534 quse
1153 3451 1185 3509 io

578 3685 580 3690 ,
607 3673 660 3794 l,

525 3799 608 3912 ,a
