2470 3962
213 199 274 260 242
531 211 566 257 ns.
583 209 662 256 aaa.
678 207 898 268 curassemus

168 367 384 435 adsentientem
411 364 578 442 optimeque
605 362 758 432 dicentem.
795 360 828 420 ln
856 361 913 422 hoe
939 371 1031 440 quota
1057 381 1127 442 pars
1153 366 1207 438 erit,

213 449 290 530 quod
306 457 353 509 aut
369 448 539 507 innocentes
554 445 680 505 tuebitur
695 455 742 506 aut
757 445 955 523 improborum
968 447 1089 506 scelera
1103 464 1208 525 compe·

212 542 292 606 scet,
319 539 367 592 aut
388 532 417 590 iu
439 529 614 607 pecuniariis
636 528 854 607 quaestionibus
877 531 993 589 veritati
1015 539 1120 590 contra
1143 531 1208 590 calu·

213 618 316 678 mniam
334 612 447 674 aderiti
485 615 617 674 Summus
634 613 685 672 ille
701 612 815 689 quidem
831 615 860 672 in
876 612 921 672 his
938 629 1058 692 quoque
1082 613 1209 692 operibus

212 702 298 761 luerit
321 698 373 758 sed
394 696 550 758 maioribus
573 696 680 755 clarius
701 695 846 772 elucebit,
868 715 933 756 cum
953 696 1087 774 regenda
1103 707 1208 757 senatus

168 784 334 850 atconsttia
360 791 389 842 et
409 779 559 860 popularis
580 797 664 844 error
688 779 724 839 ad
745 778 866 840 meliora
893 781 1053 840 ducendus.
1091 780 1138 840 An
1163 799 1208 840 nor

162 903 163 907 =
213 869 299 929 talem
316 865 457 944 quendam
472 864 586 924 videtur
601 863 718 922 linxisse
735 862 900 939 Vergilius,
928 881 1013 942 quem
1030 864 1059 922 iu
1075 865 1209 925 seditione
1223 915 1224 922 ,

212 953 292 1028 vulgi
308 950 362 1010 iam
377 949 459 1008 laces
475 957 504 1006 et
520 964 589 1007 saxa
605 946 755 1008 iaculantis
771 947 984 1007 moderatorem
1002 947 1100 1010 dedit:

272 1033 346 1094 Tum
360 1035 474 1111 pietate
487 1048 615 1110 procem
629 1049 668 1092 oc
683 1033 798 1092 meritis
811 1033 840 1092 si
854 1031 934 1110 forte
948 1034 1052 1093 cirum
1069 1048 1162 1108 quern

273 1115 478 1194 Cortapemere,
496 1116 584 1176 silent
601 1116 792 1194 arrectisque
806 1116 937 1178 auribus
952 1116 1080 1177 astant?

94 1199 98 1206 “
212 1201 357 1261 Habemus
374 1200 461 1277 igitur
477 1208 543 1258 ante
560 1199 653 1258 omnia
669 1198 759 1257 virum
780 1197 901 1274 bonum,
927 1197 1089 1278 posthaec
1105 1199 1224 1260 adiiciet

212 1284 327 1346 dicendi
344 1285 482 1362 peritum:

270 1367 328 1429 Ille
342 1369 420 1446 repit
435 1367 526 1426 dictis
540 1367 658 1428 animos
673 1373 701 1426 ct
716 1373 844 1444 pectora
858 1367 979 1428 mulcet.

170 1449 310 1526 280uidi
335 1467 393 1509 non
412 1449 542 1510 inbellis
561 1449 770 1527 quoqueidem
786 1450 836 1510 ille
852 1451 914 1525 vir,
932 1467 1018 1528 quem
1033 1450 1212 1524 instituimus,

213 1536 237 1594 si
260 1535 298 1592 sit
318 1533 353 1593 ad
374 1533 517 1612 proelium
538 1533 623 1592 miles
640 1531 851 1608 cohortandus,
875 1551 914 1594 ex
936 1532 1040 1594 mediis
1056 1535 1215 1611 sapientiae

212 1618 378 1697 praeceptis
396 1617 557 1676 orationem
574 1613 688 1677 trahet?
721 1615 794 1676 llam
815 1617 961 1695 quomodo
977 1633 1105 1694 pugnam
1120 1619 1215 1678 ineun-

178 1705 180 1709 ’
212 1701 286 1761 tibus
315 1709 358 1760 tot
379 1698 461 1760 simul
487 1699 735 1776 metus·laboris,
766 1701 914 1775 dolorum,
944 1709 1096 1779 postremo
1118 1703 1215 1760 mortis

212 1786 303 1864 ipsius
321 1784 499 1859 exciderint,
524 1785 578 1844 uisi
600 1785 628 1843 in
648 1800 748 1846 eorum
763 1783 859 1844 locum
874 1786 969 1863 pietas
987 1792 1016 1843 et
1031 1783 1174 1844 lortitudo
1190 1791 1216 1842 et

122 1869 125 1874 ’
169 1869 327 1936 achonesti
342 1886 483 1947 praesens
499 1869 593 1944 imago
609 1865 807 1928 successerit?
834 1865 916 1941 Quae
932 1875 1013 1927 certe
1030 1867 1136 1927 melius
1153 1886 1214 1946 per·

213 1951 344 2011 suadebit
365 1952 446 2026 aliis,
475 1954 523 2029 qui
549 1952 627 2030 prius
650 1952 830 2030 persuaserit
851 1951 917 2011 sibi.
949 1950 1049 2011 Prodit
1072 1953 1150 2012 euim
1174 1969 1214 2024 se,

213 2034 370 2113 quamlibet
396 2035 590 2110 custodiatur,
618 2035 776 2104 simulatio;
802 2052 858 2094 uec
885 2051 1006 2112 unquam
1029 2044 1110 2095 tanta
1132 2035 1215 2096 luerit

211 2119 349 2197 loquendi
372 2118 512 2194 facultas,
540 2127 648 2179 utnon
673 2119 777 2180 titubet
802 2128 889 2197 atque
914 2117 1050 2193 baereat,
1084 2121 1215 2196 quotiens

212 2201 247 2262 ab
266 2203 359 2262 animo
374 2203 464 2262 verba
480 2202 660 2263 dissentiunt.
696 2201 749 2262 Vir
764 2211 859 2263 autem
874 2203 965 2262 malus
981 2201 1058 2262 aliud
1076 2202 1213 2264 dicatae

169 2298 297 2352 accesse
313 2295 357 2346 est
374 2303 458 2365 quam
475 2287 572 2349 sentit.
605 2285 702 2346 Bonos
719 2303 861 2364 nunquam
875 2286 1015 2346 honestus
1033 2305 1136 2346 sermo
1151 2285 1224 2346 deis¹

213 2370 282 2444 ciet,
298 2387 439 2448 nunquam
455 2387 551 2430 rerum
569 2371 739 2449 optimarum
756 2371 836 2448 (uam
852 2370 939 2430 iidem
955 2370 1041 2429 etiam
1058 2371 1212 2448 prudenter

213 2453 311 2531 erunt)
336 2453 478 2521 inventio;
499 2471 574 2532 quae
598 2453 709 2514 etiamsi
734 2454 886 2514 lenociniis
907 2453 1043 2514 destituta
1069 2454 1127 2530 sit,
1152 2455 1212 2513 satis

212 2544 308 2595 tamen
330 2545 430 2597 natura
453 2555 504 2596 sua
526 2548 644 2598 ornatur
665 2555 720 2598 nec
741 2538 895 2617 quidquam
917 2553 974 2596 non
990 2536 1121 2614 diserte,
1144 2531 1211 2615 quud

168 2618 494 2696 alboneste,dicitur.
537 2619 651 2696 Quare,
682 2623 831 2696 iuventus,
860 2622 946 2680 immo
968 2637 1069 2682 ornnes
1095 2609 1224 2690 aetates*

212 2704 325 2782 (neque
344 2705 419 2764 euim
440 2713 540 2764 rectae
556 2705 698 2764 uoluntati
715 2723 813 2764 serum
835 2715 881 2764 est
895 2715 1009 2783 tempus
1025 2703 1136 2784 ullum)
1155 2703 1216 2763 totis

212 2788 355 2847 mentibus
372 2787 428 2848 huc
445 2788 611 2863 tendamus,
635 2789 663 2847 in
681 2788 738 2849 boc
757 2787 956 2856 elaboremus;
979 2787 1081 2848 forsan
1106 2797 1139 2847 et
1155 2803 1216 2847 eon

213 2887 355 2931 summare
372 2873 527 2950 contingat.
561 2871 632 2932 Nam
654 2874 685 2932 si,
701 2881 801 2931 natura
819 2889 876 2932 non
892 2870 1030 2950 prohibet
1047 2880 1076 2932 et
1093 2890 1167 2932 esse
1181 2870 1218 2927 ri·

212 2971 274 3013 rum
296 2953 402 3014 bonum
423 2963 452 3014 et
474 2974 542 3014 esse
559 2955 673 3015 dicendi
699 2957 837 3033 peritum:
866 2973 917 3015 cur
937 2971 995 3015 non
1011 2954 1121 3033 aliquis
1137 2956 1219 3014 etiam

213 3055 284 3097 unus
302 3047 454 3117 utrumque
477 3041 617 3116 consequi
636 3036 752 3116 possiti
781 3057 831 3100 cur
854 3048 1021 3099 autemnon
1043 3057 1076 3098 se
1094 3040 1219 3118 quisque

162 3131 205 3184 „32
214 3130 313 3200 speret
337 3120 401 3181 lore
429 3121 508 3182 illunr
535 3119 680 3200 aliquem?
717 3121 763 3182 Ad
784 3122 907 3201 quodsi
932 3124 1012 3182 vires
1029 3122 1144 3200 ingenii
1167 3137 1220 3180 nor

214 3204 398 3265 suilicerent:
425 3214 519 3265 tamen
545 3206 580 3266 ad
608 3223 692 3285 quem
715 3223 808 3285 usque
833 3206 948 3266 modum
971 3207 1220 3285 processerimus,

215 3289 352 3348 meliores
379 3289 485 3368 erimus
506 3307 543 3348 ex
572 3299 705 3368 utroque.
750 3289 814 3349 lloc
841 3298 921 3350 certe
945 3288 1049 3368 procul
1077 3290 1222 3348 eximatur

214 3372 323 3446 animo,
351 3391 446 3432 rerum
470 3372 693 3449 pulcherrimam
714 3373 908 3451 eloquentiam
930 3390 994 3432 curu
1016 3373 1095 3431 vitiis
1117 3370 1223 3430 mentia

215 3469 304 3528 posse
317 3456 441 3514 misceri.
474 3455 608 3516 Facultas
626 3456 758 3534 dicendi,
779 3458 804 3517 si
821 3457 849 3516 iu
864 3456 957 3516 malos
972 3456 1086 3531 incidit,
1113 3464 1147 3516 et
1161 3455 1222 3533 ipsa
