2444 3972
353 167 768 234 memoraremnrmrm.
1028 156 1064 218 13

82 326 147 386 liciis
171 325 315 386 solvimus.
360 321 458 384 blollis
484 323 533 383 illa
564 321 717 399 educatio,
751 342 835 403 quam
859 323 1066 402 indulgentiam

28 435 29 438 ¹
81 425 222 485 vocamus,
253 425 359 469 nervos
381 425 481 467 omnes
502 408 605 467 mentis
628 417 657 466 et
677 411 811 487 corporis
831 408 947 486 frangit.
990 407 1065 483 Quid

81 509 131 554 non
149 494 258 556 adultus
279 493 485 571 concupiscet,
514 493 562 570 qui
585 493 614 551 in
636 494 772 571 purpuris
793 489 891 571 repit?
933 491 1065 553 Nondum

80 580 160 657 prima
173 577 262 638 verba
278 577 421 656 exprimit,
438 577 494 636 ianr
510 593 634 654 coquum
647 575 798 655 intelligit,
814 578 870 637 ianr
883 573 1067 654 conchylium

80 663 174 740 poscit.
212 660 288 721 Ante
312 660 439 740 palatum
465 677 565 720 eorum
587 677 671 738 quam
695 678 792 721 mores
814 661 994 722 instituimus.
1034 659 1091 721 lni

80 745 182 806 lecticis
203 754 351 815 crescunt;
378 746 403 804 si
421 753 528 806 terram
549 745 714 822 attigerint,
742 764 759 805 e
780 745 909 806 manibus
931 748 1066 825 utrinque

80 832 265 892 sustinentium
280 829 418 908 pendent.
448 826 631 904 (laudemus,
653 831 678 887 si
697 829 764 907 quid
779 829 914 889 licentius
931 829 1064 890 dixerint.

80 913 164 974 Verba
184 934 219 974 ne
241 913 445 974 Alexandrinis
467 913 581 992 quidem
602 913 793 991 permittenda
818 913 931 975 deliciis
954 916 1015 974 risu
1038 923 1066 972 et

80 999 170 1059 osculo
196 999 365 1076 excipimus.
409 995 472 1057 llec
497 999 612 1064 mirum;
643 1014 697 1056 nos
723 996 891 1074 docuimus,
919 1015 957 1058 ex
982 997 1065 1057 nobis

80 1083 192 1142 audiunt.
222 1081 346 1143 Nostros
367 1083 490 1156 amicas,
512 1091 629 1141 nostros
650 1081 828 1142 concubinos
849 1081 963 1159 vident,
983 1091 1091 1146 omnes

80 1168 227 1228 convivium
246 1165 383 1226 obscenis
398 1167 517 1226 canticis
536 1167 655 1244 strepit,
678 1165 812 1244 pudenda
833 1168 911 1227 dictu
932 1176 1066 1245 spectan-

78 1259 126 1310 tnr.
163 1250 207 1311 Fit
232 1268 269 1312 ex
291 1249 336 1310 his
363 1249 543 1310 cousuetudo
565 1248 670 1310 deinde
691 1259 801 1310 natura.
845 1249 968 1310 Discunt
993 1249 1067 1310 haec

78 1335 180 1412 miseri,
202 1345 355 1414 antequam
377 1336 469 1394 sciant
489 1336 558 1394 vitia
579 1351 662 1402 esse3
683 1333 751 1394 inde
777 1334 865 1394 soluti
887 1351 923 1394 ac
943 1333 1066 1394 fluentes

78 1436 128 1478 non
146 1421 288 1498 accipiunt
309 1437 348 1478 ex
368 1419 478 1480 scholis
496 1418 571 1479 mala
592 1419 648 1479 ista
668 1419 771 1479 sedin
792 1418 910 1478 scholas
932 1418 1063 1478 afferunt.

149 1503 256 1564 Verum
279 1506 308 1563 in
326 1503 427 1562 studiis
443 1505 536 1580 magis
557 1499 672 1563 vacabit
687 1521 760 1563 unus
781 1504 839 1562 uni.
874 1501 951 1562 Ante
973 1503 1090 1566 omniait

79 1586 138 1648 nihil
151 1589 286 1667 prohibet
307 1605 376 1648 esse
396 1587 476 1647 illum
495 1588 596 1647 nescio
619 1603 705 1664 quem
724 1605 809 1647 unum
831 1587 917 1648 etiam
937 1603 1001 1646 cum
1016 1602 1064 1662 eo,

80 1673 120 1748 qni
138 1673 164 1731 in
184 1672 297 1734 scholis
323 1671 460 1732 emditur.
504 1671 564 1732 Sed
590 1672 700 1731 etiamsi
726 1671 805 1750 iungi
830 1680 982 1750 utrumque
1007 1687 1066 1730 non

81 1764 181 1832 posset,
207 1757 305 1818 lumen
325 1765 420 1816 tamen
441 1753 512 1817 illud
535 1763 694 1816 conventus
715 1753 912 1815 honestissimi
935 1753 1065 1815 tenebris

81 1855 109 1897 ac
120 1840 260 1901 solitudini
275 1839 489 1920 praetulissem.
520 1836 592 1898 Nam
608 1840 733 1917 optimus
749 1841 873 1918 quisque
888 1848 1065 1917 praeceptor

79 1919 225 2002 frequentia
240 1924 350 2003 gaudet
365 1941 400 1986 ac
414 1925 524 1984 maiore
539 1940 573 1982 se
588 1921 702 1982 theatro
717 1921 833 2000 dignum
847 1930 943 2001 putat,
962 1931 991 1982 at
1003 1922 1066 1982 lere
1077 1927 1110 1982 1⁰

77 2009 188 2068 minores
209 2027 249 2068 ex
273 2007 453 2070 conscientia
472 2025 544 2068 suae
564 2006 734 2066 infirmitatis
754 2007 877 2067 haerere
898 2006 1020 2084 singulis
1038 2016 1067 2066 et

78 2090 163 2152 officio
182 2093 265 2171 longi
291 2091 501 2172 quodammodo
527 2091 766 2170 paedagogorum
791 2107 849 2150 non
874 2091 1064 2169 indignantur.

78 2175 127 2235 Sed
145 2186 275 2256 praestet
298 2177 384 2236 alicui
404 2175 453 2235 vel
473 2176 566 2254 gratia
586 2174 636 2235 vel
656 2176 780 2253 pecunia
801 2174 850 2234 vel
872 2175 1011 2249 amicitia,
1035 2181 1107 2234 utll
1128 2203 1166 2227 u

77 2255 260 2321 doctissimum
282 2270 369 2339 atqne
390 2259 645 2340 incomparabilem
664 2259 830 2335 magistrum
853 2257 929 2317 domi
945 2256 1065 2318 habeat:
1135 2309 1138 2314 ,

77 2357 131 2402 num
148 2353 243 2404 tamen
262 2344 316 2405 ille
337 2352 428 2404 totum
448 2345 477 2402 ln
498 2360 555 2403 uno
575 2341 651 2402 diem
671 2349 892 2420 consumpturus
914 2338 981 2402 est?
1019 2351 1067 2401 aut

77 2435 249 2502 potestesse
268 2427 329 2488 ulla
350 2437 406 2488 tam
428 2436 570 2506 perpetua
590 2427 729 2486 discentis
751 2427 888 2501 intentio,
912 2441 987 2505 quae
1009 2443 1068 2485 non

78 2517 102 2568 nt
113 2513 186 2571 risus
201 2513 355 2574 oculorum
369 2510 471 2571 obtutu
487 2512 622 2571 continuo
637 2507 796 2587 fatigetur?
817 2527 880 2570 cum
896 2511 1067 2587 praesertim

77 2593 155 2654 inulto
176 2595 243 2674 plus
265 2595 375 2658 secreti
394 2597 534 2674 temporis
555 2594 648 2655 studia
667 2591 843 2654 desiderent.
874 2592 979 2672 Neque
995 2595 1109 2656 enimlt

77 2678 219 2757 scribenti,
244 2679 404 2755 ediscenti,
433 2680 572 2758 cogitanti
592 2687 772 2758 praeceptor
793 2677 918 2754 assistit,
946 2693 1067 2756 quorum

77 2758 172 2840 aliquid
193 2761 349 2844 agentibus
370 2763 566 2842 cuiuscunque
585 2764 764 2823 interventus
785 2760 990 2840 impedimento
1011 2770 1065 2821 est.

76 2839 164 2907 lectio
188 2866 307 2928 quoque
328 2864 386 2908 non
407 2849 498 2907 omnis
518 2865 574 2907 nec
594 2865 712 2926 semper
732 2853 892 2924 praeeunte
911 2846 961 2906 vel
978 2847 1066 2906 inter·

76 2940 197 3004 pretante
218 2942 299 3012 eget.
346 2930 467 3006 Quando
494 2933 569 2992 enim
593 2940 638 2991 tot
663 2939 812 2992 anctorum
836 2930 936 2990 notitia
958 2932 1066 2990 contin-

77 3012 170 3086 geret?
198 3015 344 3077 ltlodicum
361 3025 433 3092 ergo
448 3024 563 3094 tempus
583 3025 647 3090 est,
672 3031 729 3094 quo
744 3014 773 3074 in
792 3022 882 3074 totum
898 3011 973 3073 diem
987 3013 1068 3074 velut

78 3109 142 3166 ⁰tttls
161 3101 321 3161 ordinetur.
348 3099 479 3179 Ideoque
494 3117 548 3180 per
569 3098 668 3177 plures
690 3101 734 3160 ire
749 3106 872 3177 possunt
893 3099 978 3158 etiam
994 3114 1068 3176 quae
1078 3095 1111 3152 13

77 3195 81 3235 t
129 3181 188 3253 plis
213 3181 353 3246 tradenda
378 3193 453 3244 sunt.
503 3183 647 3262 Pleraque
672 3199 744 3242 vero
768 3180 843 3243 hanc
869 3180 1068 3241 condicionem

77 3259 81 3320 l
128 3275 190 3342 ent,
211 3276 242 3328 ut
259 3267 360 3329 eadem
377 3282 454 3329 voce
474 3265 509 3328 ad
531 3283 631 3327 omnes
647 3267 731 3327 simul
745 3267 939 3345 perferantur.
969 3263 1067 3326 Taceo

77 3365 81 3401 t
133 3352 323 3412 tardtionibus
344 3360 374 3413 et
395 3349 654 3414 declamationibus
674 3347 838 3427 rhetorum,
862 3348 965 3430 quibus
987 3357 1068 3410 certe

79 3449 81 3482 ι
133 3442 306 3516 ntuscunque
330 3454 466 3497 numerus
484 3435 670 3512 abhibeatur‚
694 3443 788 3495 tamen
809 3434 1006 3512 unusquisque
1024 3439 1068 3493 to·
