2494 3952
384 230 801 297 resecanuonmneml.
1032 221 1091 284 tle

88 392 146 450 erit
166 388 312 448 momenti.
343 384 416 446 Nam
433 395 514 446 certe
531 403 593 444 cum
609 387 645 445 sit
660 387 687 446 in
705 386 870 464 eloquendo
887 389 1011 468 positum
1022 406 1090 468 ,ora-

89 474 162 533 toris
179 471 316 546 cilicium,
333 468 431 530 dicere
447 479 512 530 ante
536 469 628 529 omnia
644 478 704 546 est,
722 479 808 548 atque
823 470 890 531 hinc
905 472 1012 532 initium
1029 474 1091 533 eius

88 559 160 616 artis
175 555 272 615 luisse
298 555 477 615 manifestum
499 561 558 621 est;
589 554 747 633 proximam
768 553 870 614 deinde
895 555 1089 631 imitationem,

88 639 272 700 novissimam
288 638 433 698 scribendi
449 654 566 717 quoque
588 636 774 714 diligentiam.
813 639 871 698 Sed
894 649 923 698 ut
947 641 1119 716 perventur

89 723 126 784 od
144 740 251 782 summa
267 723 321 780 nisi
338 739 375 782 ex
390 723 539 800 principiis
554 738 612 780 non
630 729 743 798 potest:
771 723 809 781 ita
831 723 1011 800 procedente
1036 725 1091 782 iam

88 825 181 886 opere
202 805 315 865 minima
334 805 471 884 incipiunt
494 823 560 864 esse
581 822 655 883 quae
680 806 770 883 prima
796 815 870 864 sunt.
911 806 1019 866 Verum
1038 824 1091 865 nos

88 907 158 966 non,
176 888 321 968 quomodo
335 887 525 948 instituendus
540 897 654 963 orator,
670 887 727 948 hoc
747 887 814 949 loco
831 890 965 958 dicimus;
983 909 1046 950 nam
1063 890 1091 949 id

90 975 205 1053 quidem
234 980 281 1032 aut
304 973 373 1046 satis
404 980 451 1032 aut
482 980 562 1031 certe
589 973 629 1030 uti
651 973 793 1048 potuimus
816 973 921 1032 dictum
950 983 1010 1040 est:
1038 974 1091 1033 sed

87 1056 214 1132 athleta,
238 1057 285 1134 qui
308 1073 407 1116 omnes
423 1057 478 1116 iam
492 1055 677 1133 perdidicerit
698 1073 714 1115 a
735 1065 928 1134 praeceptore
945 1073 1090 1130 numeros,

1 1217 2 1220 Ἴ
88 1158 147 1220 quo
173 1157 283 1218 genere
311 1140 527 1199 exercitationis
558 1138 592 1197 ad
623 1139 777 1199 certamina
804 1141 1018 1219 praeparandos
1043 1143 1089 1202 sit.

86 1225 180 1301 Igitur
195 1241 269 1297 eum,
287 1225 334 1302 qui
352 1241 400 1281 res
412 1223 541 1282 invenire
555 1230 584 1281 et
599 1221 755 1298 disponere
767 1224 850 1297 sciet,
867 1223 956 1283 verba
975 1241 1091 1301 quoque

87 1316 118 1367 et
143 1306 269 1384 eligendi
298 1315 328 1364 et
348 1305 513 1366 collocandi
534 1306 673 1364 rationem
696 1307 878 1384 perceperit,
907 1308 1090 1382 instruamus,

88 1409 145 1469 qua
161 1391 274 1449 ratione
292 1389 368 1467 quod
385 1389 517 1448 didicerit
538 1389 636 1448 lacere
653 1407 736 1468 quam
753 1391 876 1468 optirtre,
891 1407 987 1469 «quam
1010 1390 1090 1450 sacil-

86 1476 155 1534 lime
172 1475 275 1551 possit.

172 1555 245 1616 Num
263 1572 335 1634 ergo
352 1555 466 1616 dubium
484 1567 544 1632 est,
567 1558 633 1636 quin
650 1559 676 1617 ei
691 1558 771 1619 velut
789 1574 863 1636 opes
879 1559 935 1617 sint
951 1557 1119 1636 quaedamst

87 1639 249 1719 parandae,
272 1639 375 1719 quihus
396 1641 453 1715 uti,
474 1639 638 1719 ubicunque
664 1640 858 1702 desideratum
884 1643 954 1716 erit,
976 1637 1091 1719 possit?

87 1722 149 1784 Eae
165 1732 297 1784 constant
319 1725 428 1802 eopia
449 1741 566 1782 rerum
592 1742 632 1782 ac
650 1723 851 1784 verborum.
884 1725 943 1784 Sed
957 1743 1005 1784 res
1021 1740 1117 1802 pro-6

86 1809 169 1886 priae
184 1817 249 1867 sunt
267 1809 406 1885 cuiusque
423 1825 546 1881 causae,
570 1815 617 1866 aut
634 1810 733 1885 paucis
751 1824 932 1882 communes,
956 1807 1045 1867 verba
1062 1810 1089 1867 in

86 1891 236 1950 universas
253 1891 394 1971 paranda;
419 1871 540 1968 quaesti
561 1893 589 1949 in
605 1889 692 1950 rebus
708 1889 828 1967 singulis
845 1900 945 1950 essent
966 1891 1089 1967 singula,

85 1974 225 2034 minorem
248 1993 345 2034 curam
363 1974 555 2053 postularent,
574 1991 637 2033 nam
654 1984 755 2035 cuncta
772 1991 839 2032 sese
856 1993 919 2034 cum
934 1975 1005 2052 ipsis
1023 1992 1090 2052 pro·

87 2058 162 2118 tinus
180 2057 268 2117 rebus
285 2059 432 2127 offerrent.
467 2058 525 2118 Sed
541 2075 604 2117 eum
626 2059 682 2116 sint
697 2057 760 2118 aliis
777 2056 831 2116 alia
850 2066 898 2116 aut
914 2059 1006 2134 magis
1024 2076 1090 2135 pro-

85 2142 151 2220 pria
167 2150 214 2203 aut
228 2143 319 2218 magis
335 2150 436 2201 ornata
451 2150 499 2200 aut
515 2141 579 2220 plus
597 2140 752 2201 efficientia
765 2149 813 2200 aot
824 2141 926 2200 melius
944 2143 1089 2201 sonantia:

85 2225 194 2285 debent
211 2243 277 2284 εεεε
295 2241 352 2285 non
368 2224 462 2285 solum
477 2233 543 2285 nota
556 2225 649 2285 omnia
667 2225 720 2284 sed
741 2226 769 2284 in
787 2233 921 2302 promptu
942 2233 1045 2303 atque,
1062 2233 1092 2283 ut

85 2310 127 2368 ita
147 2309 248 2384 dicam,
267 2311 295 2368 in
310 2318 481 2389 conspectu,
498 2316 543 2384 ut,
563 2327 626 2368 cum
646 2326 678 2368 εε
694 2308 799 2368 iudicio
819 2307 940 2369 dicentis
956 2307 1090 2367 ostende-

85 2393 160 2466 rint,
178 2391 272 2452 facilis
291 2411 328 2452 ex
343 2393 387 2453 his
406 2394 579 2471 optimorum
601 2393 638 2451 sit
659 2391 776 2452 electio.
817 2390 854 2452 Et
872 2409 946 2470 quae
961 2392 1037 2452 idem
1053 2393 1119 2460 sir

84 2475 258 2553 gnificarent
275 2477 380 2537 solitos
403 2478 465 2536 scio
488 2477 637 2551 ediscere,
659 2493 716 2555 quo
735 2475 848 2536 facilius
872 2484 900 2534 ει
922 2483 1091 2535 occurreret

84 2577 172 2620 uuum
188 2578 224 2619 ex
243 2559 389 2639 pluribus,
408 2569 453 2637 et,
475 2577 538 2620 cum
556 2568 654 2620 essent
667 2561 713 2619 usi
727 2559 842 2639 aliquo,
868 2561 892 2618 si
906 2559 996 2618 breve
1018 2560 1090 2618 intra

85 2644 210 2722 spatium
225 2662 324 2704 rursus
341 2643 571 2718 desideraretur,
597 2642 779 2722 effugiendae
799 2643 980 2722 repetitionis
996 2643 1090 2720 gratia

84 2736 234 2788 sumerent
255 2726 350 2803 aliud,
374 2744 431 2806 quo
453 2728 531 2790 idem
551 2725 673 2804 intelligi
699 2735 810 2806 posset.
855 2725 939 2799 Quod
963 2733 1091 2785 comest

84 2810 202 2890 puerile
225 2820 255 2871 et
275 2812 422 2872 cuiusdam
441 2810 566 2872 infelicis
588 2827 697 2888 operae
716 2820 773 2871 tum
788 2811 873 2870 etiam
889 2808 959 2869 utile
976 2826 1089 2888 parum;

83 2893 198 2954 turbam
213 2897 288 2954 enirn
303 2905 410 2956 tantum
426 2903 603 2973 congregat,
622 2904 658 2954 ert
674 2912 729 2973 qua
746 2896 808 2954 sine
826 2894 989 2956 discrimine
1004 2909 1088 2952 occo·

84 2986 138 3058 pet
154 2979 314 3056 proximum
330 2979 476 3058 quodque.
824 3025 827 3029 »

172 3060 262 3122 Nobis
281 3072 375 3124 autern
391 3065 476 3143 copia
497 3081 561 3124 cum
577 3062 682 3123 iudicio
698 3061 823 3140 paranda
846 3070 891 3122 εει
913 3065 970 3122 vim
992 3059 1091 3120 orandi
1102 3067 1120 3121 8

84 3162 145 3206 non
160 3145 371 3208 circulatoriam
387 3146 596 3208 volubilitatem
619 3145 826 3225 spectantibus.
863 3144 895 3205 ld
911 3154 1004 3205 autem
1023 3155 1090 3204 con·

84 3228 905 3309 sequemuroptimalegendoatqueaudiendo.
936 3226 1090 3289 Nonenim

85 3311 183 3372 solum
198 3314 312 3374 nomina
332 3315 396 3392 ipsa
418 3333 514 3374 rerum
530 3331 742 3391 cognoscemus
764 3311 819 3372 hac
835 3331 920 3388 cura,
948 3310 1001 3372 sed
1023 3311 1089 3389 quid

85 3411 206 3474 qnoque
222 3395 289 3456 loco
306 3399 342 3457 sit
359 3398 546 3477 aptissimum.
577 3395 879 3456 omnihusrentmtere
891 3395 989 3455 verbis
1006 3403 1119 3474 prae-9

85 3488 133 3540 ter
151 3495 254 3558 pauca,
272 3498 346 3559 quae
364 3490 429 3543 suut
444 3498 544 3561 parum
559 3479 734 3557 uerecunda,
751 3481 779 3538 in
791 3480 922 3539 oratioue
934 3477 1017 3538 locus
1033 3487 1087 3538 est.
