<?xml version="1.0" encoding="UTF-8"?>
<!DOCTYPE html PUBLIC "-//W3C//DTD XHTML 1.0 Transitional//EN"
    "http://www.w3.org/TR/xhtml1/DTD/xhtml1-transitional.dtd">
<html xmlns="http://www.w3.org/1999/xhtml" xml:lang="en" lang="en">
 <head>
  <title>
</title>
<meta http-equiv="Content-Type" content="text/html;charset=utf-8" />
  <meta name='ocr-system' content='tesseract 3.04.00' />
  <meta name='ocr-capabilities' content='ocr_page ocr_carea ocr_par ocr_line ocrx_word'/>
</head>
<body>
  <div class='ocr_page' id='page_1' title='image "./mfabiiquintilia04quingoog_0426.png"; bbox 0 0 2494 3952; ppageno 0'>
   <div class='ocr_carea' id='block_1_1' title="bbox 368 223 1080 295">
    <p class='ocr_par' dir='ltr' id='par_1_1' title="bbox 368 223 1080 295">
     <span class='ocr_line' id='line_1_1' title="bbox 368 223 1080 295; baseline 0.014 -23"><span class='ocrx_word' id='word_1_1' title='bbox 368 223 769 295; x_wconf 78' lang='lat' dir='ltr'><strong>uusr.oanrou.n1u.1x,</strong></span> <span class='ocrx_word' id='word_1_2' title='bbox 787 225 812 278; x_wconf 82' lang='lat'><strong>4.</strong></span> <span class='ocrx_word' id='word_1_3' title='bbox 1025 223 1080 282; x_wconf 76' lang='lat'><strong>141</strong></span> 
     </span>
    </p>
   </div>
   <div class='ocr_carea' id='block_1_2' title="bbox 71 343 1124 460">
    <p class='ocr_par' dir='ltr' id='par_1_2' title="bbox 71 343 1124 460">
     <span class='ocr_line' id='line_1_2' title="bbox 71 343 1124 460; baseline 0.006 -18"><span class='ocrx_word' id='word_1_4' title='bbox 71 380 270 444; x_wconf 74' lang='lat' dir='ltr'><strong>temeritates.</strong></span> <span class='ocrx_word' id='word_1_5' title='bbox 306 377 359 440; x_wconf 78' lang='lat' dir='ltr'><strong>tta</strong></span> <span class='ocrx_word' id='word_1_6' title='bbox 381 380 455 440; x_wconf 91' lang='lat' dir='ltr'><strong>enim</strong></span> <span class='ocrx_word' id='word_1_7' title='bbox 471 380 615 457; x_wconf 83' lang='lat' dir='ltr'><strong>quoddam</strong></span> <span class='ocrx_word' id='word_1_8' title='bbox 629 382 693 460; x_wconf 91' lang='lat' dir='ltr'><strong>ipsa</strong></span> <span class='ocrx_word' id='word_1_9' title='bbox 708 343 1021 447; x_wconf 84' lang='lat' dir='ltr'><strong>divisioneverborum</strong></span> <span class='ocrx_word' id='word_1_10' title='bbox 1042 389 1124 455; x_wconf 75' lang='lat' dir='ltr'><strong>la-9s</strong></span> 
     </span>
    </p>
   </div>
   <div class='ocr_carea' id='block_1_3' title="bbox 5 464 1166 3560">
    <p class='ocr_par' dir='ltr' id='par_1_3' title="bbox 61 464 1166 3475">
     <span class='ocr_line' id='line_1_3' title="bbox 72 464 1080 546; baseline 0.009 -22"><span class='ocrx_word' id='word_1_11' title='bbox 72 473 140 524; x_wconf 90' lang='lat' dir='ltr'><strong>tens</strong></span> <span class='ocrx_word' id='word_1_12' title='bbox 152 472 281 542; x_wconf 87' lang='lat' dir='ltr'><strong>tempus,</strong></span> <span class='ocrx_word' id='word_1_13' title='bbox 297 472 327 522; x_wconf 93' lang='lat' dir='ltr'><strong>ut</strong></span> <span class='ocrx_word' id='word_1_14' title='bbox 339 464 367 522; x_wconf 93' lang='lat' dir='ltr'><strong>in</strong></span> <span class='ocrx_word' id='word_1_15' title='bbox 378 465 549 541; x_wconf 81' lang='lat' dir='ltr'><strong>pentametri</strong></span> <span class='ocrx_word' id='word_1_16' title='bbox 561 464 656 525; x_wconf 91' lang='lat' dir='ltr'><strong>medio</strong></span> <span class='ocrx_word' id='word_1_17' title='bbox 668 467 818 544; x_wconf 81' lang='lat' dir='ltr'><strong>spondeo,</strong></span> <span class='ocrx_word' id='word_1_18' title='bbox 836 471 883 546; x_wconf 88' lang='lat' dir='ltr'><strong>qni</strong></span> <span class='ocrx_word' id='word_1_19' title='bbox 895 471 949 530; x_wconf 89' lang='lat' dir='ltr'><strong>nisi</strong></span> <span class='ocrx_word' id='word_1_20' title='bbox 962 471 1080 532; x_wconf 87' lang='lat' dir='ltr'><strong>alterius</strong></span> 
     </span>
     <span class='ocr_line' id='line_1_4' title="bbox 71 547 1079 631; baseline 0.008 -24"><span class='ocrx_word' id='word_1_21' title='bbox 71 547 159 608; x_wconf 85' lang='lat' dir='ltr'><strong>verbi</strong></span> <span class='ocrx_word' id='word_1_22' title='bbox 173 547 229 608; x_wconf 89' lang='lat' dir='ltr'><strong>line</strong></span> <span class='ocrx_word' id='word_1_23' title='bbox 245 547 364 607; x_wconf 90' lang='lat' dir='ltr'><strong>alterius</strong></span> <span class='ocrx_word' id='word_1_24' title='bbox 379 549 459 606; x_wconf 90' lang='lat' dir='ltr'><strong>initio</strong></span> <span class='ocrx_word' id='word_1_25' title='bbox 476 557 605 625; x_wconf 89' lang='lat' dir='ltr'><strong>constat,</strong></span> <span class='ocrx_word' id='word_1_26' title='bbox 621 567 736 610; x_wconf 85' lang='lat' dir='ltr'><strong>versum</strong></span> <span class='ocrx_word' id='word_1_27' title='bbox 751 567 808 610; x_wconf 96' lang='lat' dir='ltr'><strong>non</strong></span> <span class='ocrx_word' id='word_1_28' title='bbox 824 552 923 613; x_wconf 84' lang='lat' dir='ltr'><strong>eflicit.</strong></span> <span class='ocrx_word' id='word_1_29' title='bbox 968 554 1079 631; x_wconf 89' lang='lat' dir='ltr'><strong>Potest,</strong></span> 
     </span>
     <span class='ocr_line' id='line_1_5' title="bbox 71 630 1080 710; baseline 0.009 -18"><span class='ocrx_word' id='word_1_30' title='bbox 71 631 189 692; x_wconf 87' lang='lat' dir='ltr'><strong>etiamsi</strong></span> <span class='ocrx_word' id='word_1_31' title='bbox 209 633 301 690; x_wconf 90' lang='lat' dir='ltr'><strong>minus</strong></span> <span class='ocrx_word' id='word_1_32' title='bbox 325 630 416 705; x_wconf 89' lang='lat' dir='ltr'><strong>hene,</strong></span> <span class='ocrx_word' id='word_1_33' title='bbox 436 633 577 710; x_wconf 79' lang='lat' dir='ltr'><strong>praeponi</strong></span> <span class='ocrx_word' id='word_1_34' title='bbox 592 642 781 710; x_wconf 77' lang='lat' dir='ltr'><strong>anapaestos:</strong></span> <span class='ocrx_word' id='word_1_35' title='bbox 804 633 933 699; x_wconf 76' lang='lat' dir='ltr'><strong>Matiene</strong></span> <span class='ocrx_word' id='word_1_36' title='bbox 952 658 1013 698; x_wconf 82' lang='lat' dir='ltr'><strong>nors</strong></span> <span class='ocrx_word' id='word_1_37' title='bbox 1034 659 1080 700; x_wconf 83' lang='lat' dir='ltr'><strong>ro·</strong></span> 
     </span>
     <span class='ocr_line' id='line_1_6' title="bbox 71 717 1123 796; baseline 0.01 -20"><span class='ocrx_word' id='word_1_38' title='bbox 71 717 137 776; x_wconf 82' lang='lat' dir='ltr'><strong>lum</strong></span> <span class='ocrx_word' id='word_1_39' title='bbox 152 717 247 777; x_wconf 83' lang='lat' dir='ltr'><strong>nobili</strong></span> <span class='ocrx_word' id='word_1_40' title='bbox 260 733 366 776; x_wconf 82' lang='lat' dir='ltr'><strong>oerum</strong></span> <span class='ocrx_word' id='word_1_41' title='bbox 380 717 471 776; x_wconf 84' lang='lat' dir='ltr'><strong>etiam</strong></span> <span class='ocrx_word' id='word_1_42' title='bbox 484 722 566 780; x_wconf 84' lang='lat' dir='ltr'><strong>nota.</strong></span> <span class='ocrx_word' id='word_1_43' title='bbox 610 717 691 777; x_wconf 87' lang='lat' dir='ltr'><strong>Sicut</strong></span> <span class='ocrx_word' id='word_1_44' title='bbox 706 728 878 796; x_wconf 88' lang='lat' dir='ltr'><strong>anapaestus</strong></span> <span class='ocrx_word' id='word_1_45' title='bbox 897 731 926 781; x_wconf 88' lang='lat' dir='ltr'><strong>et</strong></span> <span class='ocrx_word' id='word_1_46' title='bbox 942 725 1078 796; x_wconf 86' lang='lat' dir='ltr'><strong>creticus,</strong></span> <span class='ocrx_word' id='word_1_47' title='bbox 1088 732 1123 786; x_wconf 84' lang='grc'><strong>99</strong></span> 
     </span>
     <span class='ocr_line' id='line_1_7' title="bbox 70 798 1080 883; baseline 0.005 -24"><span class='ocrx_word' id='word_1_48' title='bbox 70 798 185 860; x_wconf 86' lang='lat' dir='ltr'><strong>iambus</strong></span> <span class='ocrx_word' id='word_1_49' title='bbox 207 815 339 877; x_wconf 87' lang='lat' dir='ltr'><strong>quoquo,</strong></span> <span class='ocrx_word' id='word_1_50' title='bbox 359 799 406 876; x_wconf 87' lang='lat' dir='ltr'><strong>qui</strong></span> <span class='ocrx_word' id='word_1_51' title='bbox 430 808 475 859; x_wconf 91' lang='lat' dir='ltr'><strong>est</strong></span> <span class='ocrx_word' id='word_1_52' title='bbox 496 808 619 878; x_wconf 84' lang='lat' dir='ltr'><strong>utroque</strong></span> <span class='ocrx_word' id='word_1_53' title='bbox 642 800 755 875; x_wconf 81' lang='lat' dir='ltr'><strong>syllaba</strong></span> <span class='ocrx_word' id='word_1_54' title='bbox 778 803 885 879; x_wconf 88' lang='lat' dir='ltr'><strong>minor,</strong></span> <span class='ocrx_word' id='word_1_55' title='bbox 906 806 1080 883; x_wconf 87' lang='lat' dir='ltr'><strong>(praecedet</strong></span> 
     </span>
     <span class='ocr_line' id='line_1_8' title="bbox 72 881 1079 967; baseline 0.007 -25"><span class='ocrx_word' id='word_1_56' title='bbox 72 884 152 942; x_wconf 89' lang='lat' dir='ltr'><strong>enim</strong></span> <span class='ocrx_word' id='word_1_57' title='bbox 166 891 226 943; x_wconf 84' lang='lat' dir='ltr'><strong>tres</strong></span> <span class='ocrx_word' id='word_1_58' title='bbox 245 882 348 960; x_wconf 82' lang='lat' dir='ltr'><strong>longas</strong></span> <span class='ocrx_word' id='word_1_59' title='bbox 364 881 480 961; x_wconf 87' lang='lat' dir='ltr'><strong>brevis)</strong></span> <span class='ocrx_word' id='word_1_60' title='bbox 499 892 527 942; x_wconf 89' lang='lat' dir='ltr'><strong>et</strong></span> <span class='ocrx_word' id='word_1_61' title='bbox 547 883 695 962; x_wconf 89' lang='lat' dir='ltr'><strong>spondeus</strong></span> <span class='ocrx_word' id='word_1_62' title='bbox 716 884 810 945; x_wconf 90' lang='lat' dir='ltr'><strong>iambo</strong></span> <span class='ocrx_word' id='word_1_63' title='bbox 828 897 910 948; x_wconf 89' lang='lat' dir='ltr'><strong>recte</strong></span> <span class='ocrx_word' id='word_1_64' title='bbox 926 892 1079 967; x_wconf 92' lang='lat' dir='ltr'><strong>praeponi·</strong></span> 
     </span>
     <span class='ocr_line' id='line_1_9' title="bbox 71 964 1080 1047; baseline 0.006 -21"><span class='ocrx_word' id='word_1_65' title='bbox 71 976 135 1026; x_wconf 90' lang='lat' dir='ltr'><strong>tur:</strong></span> <span class='ocrx_word' id='word_1_66' title='bbox 158 964 273 1028; x_wconf 83' lang='lat' dir='ltr'><strong>Iisdem</strong></span> <span class='ocrx_word' id='word_1_67' title='bbox 289 969 322 1028; x_wconf 85' lang='lat' dir='ltr'><strong>in</strong></span> <span class='ocrx_word' id='word_1_68' title='bbox 342 969 438 1028; x_wconf 79' lang='lat' dir='ltr'><strong>armis</strong></span> <span class='ocrx_word' id='word_1_69' title='bbox 450 968 507 1046; x_wconf 81' lang='lat' dir='ltr'><strong>fui.</strong></span> <span class='ocrx_word' id='word_1_70' title='bbox 528 1040 532 1044; x_wconf 19' lang='lat'>⁵</span> <span class='ocrx_word' id='word_1_71' title='bbox 550 967 621 1028; x_wconf 83' lang='lat' dir='ltr'><strong>Tum</strong></span> <span class='ocrx_word' id='word_1_72' title='bbox 636 968 783 1047; x_wconf 89' lang='lat' dir='ltr'><strong>spondeus</strong></span> <span class='ocrx_word' id='word_1_73' title='bbox 806 978 835 1030; x_wconf 91' lang='lat' dir='ltr'><strong>et</strong></span> <span class='ocrx_word' id='word_1_74' title='bbox 859 971 1015 1045; x_wconf 88' lang='lat' dir='ltr'><strong>bacchius,</strong></span> <span class='ocrx_word' id='word_1_75' title='bbox 1037 975 1080 1032; x_wconf 87' lang='lat' dir='ltr'><strong>sio</strong></span> 
     </span>
     <span class='ocr_line' id='line_1_10' title="bbox 72 1050 1139 1134; baseline 0.007 -21"><span class='ocrx_word' id='word_1_76' title='bbox 72 1052 150 1114; x_wconf 90' lang='lat' dir='ltr'><strong>enim</strong></span> <span class='ocrx_word' id='word_1_77' title='bbox 176 1050 225 1112; x_wconf 86' lang='lat' dir='ltr'><strong>liet</strong></span> <span class='ocrx_word' id='word_1_78' title='bbox 245 1051 359 1110; x_wconf 89' lang='lat' dir='ltr'><strong>ultimus</strong></span> <span class='ocrx_word' id='word_1_79' title='bbox 380 1050 545 1110; x_wconf 89' lang='lat' dir='ltr'><strong>dochmius.</strong></span> <span class='ocrx_word' id='word_1_80' title='bbox 575 1050 613 1112; x_wconf 85' lang='lat' dir='ltr'><strong>ln</strong></span> <span class='ocrx_word' id='word_1_81' title='bbox 628 1053 725 1113; x_wconf 83' lang='lat' dir='ltr'><strong>armis</strong></span> <span class='ocrx_word' id='word_1_82' title='bbox 744 1054 855 1115; x_wconf 83' lang='lat' dir='ltr'><strong>iisdem</strong></span> <span class='ocrx_word' id='word_1_83' title='bbox 873 1057 927 1134; x_wconf 85' lang='lat' dir='ltr'><strong>sui.</strong></span> <span class='ocrx_word' id='word_1_84' title='bbox 972 1055 1017 1115; x_wconf 87' lang='lat' dir='ltr'><strong>Ex</strong></span> <span class='ocrx_word' id='word_1_85' title='bbox 1035 1059 1139 1132; x_wconf 84' lang='lat' dir='ltr'><strong>iis,100</strong></span> 
     </span>
     <span class='ocr_line' id='line_1_11' title="bbox 73 1133 1080 1218; baseline 0.004 -22"><span class='ocrx_word' id='word_1_86' title='bbox 73 1153 150 1218; x_wconf 84' lang='lat' dir='ltr'><strong>quae</strong></span> <span class='ocrx_word' id='word_1_87' title='bbox 171 1153 259 1214; x_wconf 89' lang='lat' dir='ltr'><strong>supra</strong></span> <span class='ocrx_word' id='word_1_88' title='bbox 280 1133 417 1215; x_wconf 88' lang='lat' dir='ltr'><strong>probavi,</strong></span> <span class='ocrx_word' id='word_1_89' title='bbox 445 1145 585 1212; x_wconf 87' lang='lat' dir='ltr'><strong>apparet,</strong></span> <span class='ocrx_word' id='word_1_90' title='bbox 614 1136 766 1196; x_wconf 83' lang='lat' dir='ltr'><strong>molosson</strong></span> <span class='ocrx_word' id='word_1_91' title='bbox 794 1155 910 1216; x_wconf 85' lang='lat' dir='ltr'><strong>quoque</strong></span> <span class='ocrx_word' id='word_1_92' title='bbox 932 1140 1080 1200; x_wconf 88' lang='lat' dir='ltr'><strong>clausulae</strong></span> 
     </span>
     <span class='ocr_line' id='line_1_12' title="bbox 72 1217 1078 1298; baseline 0.002 -17"><span class='ocrx_word' id='word_1_93' title='bbox 72 1221 250 1296; x_wconf 87' lang='lat' dir='ltr'><strong>convenire,</strong></span> <span class='ocrx_word' id='word_1_94' title='bbox 268 1219 333 1280; x_wconf 87' lang='lat' dir='ltr'><strong>dum</strong></span> <span class='ocrx_word' id='word_1_95' title='bbox 354 1217 461 1280; x_wconf 90' lang='lat' dir='ltr'><strong>habeat</strong></span> <span class='ocrx_word' id='word_1_96' title='bbox 476 1237 514 1277; x_wconf 87' lang='lat' dir='ltr'><strong>ex</strong></span> <span class='ocrx_word' id='word_1_97' title='bbox 529 1236 701 1298; x_wconf 84' lang='lat' dir='ltr'><strong>quocunque</strong></span> <span class='ocrx_word' id='word_1_98' title='bbox 718 1221 794 1298; x_wconf 85' lang='lat' dir='ltr'><strong>pede</strong></span> <span class='ocrx_word' id='word_1_99' title='bbox 809 1231 875 1281; x_wconf 90' lang='lat' dir='ltr'><strong>ante</strong></span> <span class='ocrx_word' id='word_1_100' title='bbox 895 1241 928 1282; x_wconf 90' lang='lat' dir='ltr'><strong>se</strong></span> <span class='ocrx_word' id='word_1_101' title='bbox 943 1223 1078 1283; x_wconf 87' lang='lat' dir='ltr'><strong>brevem:</strong></span> 
     </span>
     <span class='ocr_line' id='line_1_13' title="bbox 73 1303 1136 1383; baseline 0.006 -19"><span class='ocrx_word' id='word_1_102' title='bbox 73 1303 159 1366; x_wconf 76' lang='lat' dir='ltr'><strong>lilani</strong></span> <span class='ocrx_word' id='word_1_103' title='bbox 171 1305 285 1365; x_wconf 67' lang='lat' dir='ltr'><strong>emmas</strong></span> <span class='ocrx_word' id='word_1_104' title='bbox 299 1305 469 1381; x_wconf 59' lang='lat' dir='ltr'><strong>uacuoque</strong></span> <span class='ocrx_word' id='word_1_105' title='bbox 483 1311 570 1378; x_wconf 81' lang='lat' dir='ltr'><strong>aaut,</strong></span> <span class='ocrx_word' id='word_1_106' title='bbox 588 1323 655 1365; x_wconf 83' lang='lat' dir='ltr'><strong>esse</strong></span> <span class='ocrx_word' id='word_1_107' title='bbox 665 1317 725 1382; x_wconf 85' lang='lat' dir='ltr'><strong>pro</strong></span> <span class='ocrx_word' id='word_1_108' title='bbox 735 1305 831 1367; x_wconf 83' lang='lat' dir='ltr'><strong>nobis.</strong></span> <span class='ocrx_word' id='word_1_109' title='bbox 876 1305 969 1366; x_wconf 89' lang='lat' dir='ltr'><strong>lllinus</strong></span> <span class='ocrx_word' id='word_1_110' title='bbox 981 1309 1078 1383; x_wconf 83' lang='lat' dir='ltr'><strong>gravis</strong></span> <span class='ocrx_word' id='word_1_111' title='bbox 1088 1317 1136 1370; x_wconf 86' lang='lat'><strong>101</strong></span> 
     </span>
     <span class='ocr_line' id='line_1_14' title="bbox 74 1385 1080 1466; baseline 0 -18"><span class='ocrx_word' id='word_1_112' title='bbox 74 1389 131 1448; x_wconf 86' lang='lat' dir='ltr'><strong>erit</strong></span> <span class='ocrx_word' id='word_1_113' title='bbox 142 1386 307 1466; x_wconf 87' lang='lat' dir='ltr'><strong>spondeus,</strong></span> <span class='ocrx_word' id='word_1_114' title='bbox 321 1387 517 1466; x_wconf 75' lang='lat' dir='ltr'><strong>praecedente</strong></span> <span class='ocrx_word' id='word_1_115' title='bbox 528 1385 712 1466; x_wconf 77' lang='lat' dir='ltr'><strong>pyrrhichio,</strong></span> <span class='ocrx_word' id='word_1_116' title='bbox 726 1397 756 1448; x_wconf 88' lang='lat' dir='ltr'><strong>nt</strong></span> <span class='ocrx_word' id='word_1_117' title='bbox 766 1386 882 1451; x_wconf 85' lang='lat' dir='ltr'><strong>Iudicii</strong></span> <span class='ocrx_word' id='word_1_118' title='bbox 893 1388 1033 1465; x_wconf 80' lang='lat' dir='ltr'><strong>laniunt,</strong></span> <span class='ocrx_word' id='word_1_119' title='bbox 1050 1399 1080 1449; x_wconf 91' lang='lat' dir='ltr'><strong>et</strong></span> 
     </span>
     <span class='ocr_line' id='line_1_15' title="bbox 73 1470 1079 1552; baseline 0.001 -20"><span class='ocrx_word' id='word_1_120' title='bbox 73 1471 170 1532; x_wconf 86' lang='lat' dir='ltr'><strong>adhue</strong></span> <span class='ocrx_word' id='word_1_121' title='bbox 187 1471 270 1551; x_wconf 91' lang='lat' dir='ltr'><strong>peius</strong></span> <span class='ocrx_word' id='word_1_122' title='bbox 285 1474 384 1549; x_wconf 92' lang='lat' dir='ltr'><strong>priore</strong></span> <span class='ocrx_word' id='word_1_123' title='bbox 401 1488 531 1549; x_wconf 88' lang='lat' dir='ltr'><strong>paeone,</strong></span> <span class='ocrx_word' id='word_1_124' title='bbox 553 1480 584 1531; x_wconf 89' lang='lat' dir='ltr'><strong>ut</strong></span> <span class='ocrx_word' id='word_1_125' title='bbox 601 1470 712 1546; x_wconf 87' lang='lat' dir='ltr'><strong>Brute,</strong></span> <span class='ocrx_word' id='word_1_126' title='bbox 732 1472 890 1542; x_wconf 57' lang='lat' dir='ltr'><strong>dubitatum</strong></span> <span class='ocrx_word' id='word_1_127' title='bbox 911 1476 964 1533; x_wconf 89' lang='lat' dir='ltr'><strong>nisi</strong></span> <span class='ocrx_word' id='word_1_128' title='bbox 981 1475 1079 1552; x_wconf 89' lang='lat' dir='ltr'><strong>potius</strong></span> 
     </span>
     <span class='ocr_line' id='line_1_16' title="bbox 73 1554 1080 1636; baseline -0.001 -20"><span class='ocrx_word' id='word_1_129' title='bbox 73 1556 132 1616; x_wconf 94' lang='lat' dir='ltr'><strong>hoc</strong></span> <span class='ocrx_word' id='word_1_130' title='bbox 156 1572 223 1615; x_wconf 90' lang='lat' dir='ltr'><strong>esse</strong></span> <span class='ocrx_word' id='word_1_131' title='bbox 244 1556 375 1615; x_wconf 88' lang='lat' dir='ltr'><strong>volumus</strong></span> <span class='ocrx_word' id='word_1_132' title='bbox 393 1554 537 1630; x_wconf 88' lang='lat' dir='ltr'><strong>dactylum</strong></span> <span class='ocrx_word' id='word_1_133' title='bbox 560 1564 589 1615; x_wconf 92' lang='lat' dir='ltr'><strong>et</strong></span> <span class='ocrx_word' id='word_1_134' title='bbox 605 1554 765 1615; x_wconf 89' lang='lat' dir='ltr'><strong>bacchium.</strong></span> <span class='ocrx_word' id='word_1_135' title='bbox 801 1556 866 1617; x_wconf 87' lang='lat' dir='ltr'><strong>Duo</strong></span> <span class='ocrx_word' id='word_1_136' title='bbox 883 1559 1005 1636; x_wconf 86' lang='lat' dir='ltr'><strong>spondei</strong></span> <span class='ocrx_word' id='word_1_137' title='bbox 1023 1574 1080 1616; x_wconf 95' lang='lat' dir='ltr'><strong>non</strong></span> 
     </span>
     <span class='ocr_line' id='line_1_17' title="bbox 74 1639 1078 1718; baseline 0 -18"><span class='ocrx_word' id='word_1_138' title='bbox 74 1639 139 1700; x_wconf 89' lang='lat' dir='ltr'><strong>iere</strong></span> <span class='ocrx_word' id='word_1_139' title='bbox 156 1640 282 1716; x_wconf 81' lang='lat' dir='ltr'><strong>seiungi</strong></span> <span class='ocrx_word' id='word_1_140' title='bbox 298 1639 459 1717; x_wconf 86' lang='lat' dir='ltr'><strong>patiuntur,</strong></span> <span class='ocrx_word' id='word_1_141' title='bbox 480 1656 554 1717; x_wconf 87' lang='lat' dir='ltr'><strong>quae</strong></span> <span class='ocrx_word' id='word_1_142' title='bbox 570 1641 598 1698; x_wconf 91' lang='lat' dir='ltr'><strong>in</strong></span> <span class='ocrx_word' id='word_1_143' title='bbox 614 1657 703 1698; x_wconf 91' lang='lat' dir='ltr'><strong>versu</strong></span> <span class='ocrx_word' id='word_1_144' title='bbox 718 1657 834 1718; x_wconf 88' lang='lat' dir='ltr'><strong>quoque</strong></span> <span class='ocrx_word' id='word_1_145' title='bbox 850 1641 985 1702; x_wconf 90' lang='lat' dir='ltr'><strong>notabilis</strong></span> <span class='ocrx_word' id='word_1_146' title='bbox 1002 1641 1078 1701; x_wconf 91' lang='lat' dir='ltr'><strong>clau-</strong></span> 
     </span>
     <span class='ocr_line' id='line_1_18' title="bbox 77 1721 1078 1802; baseline 0 -21"><span class='ocrx_word' id='word_1_147' title='bbox 77 1721 141 1782; x_wconf 86' lang='lat' dir='ltr'><strong>sula</strong></span> <span class='ocrx_word' id='word_1_148' title='bbox 162 1731 221 1798; x_wconf 91' lang='lat' dir='ltr'><strong>est,</strong></span> <span class='ocrx_word' id='word_1_149' title='bbox 244 1724 298 1782; x_wconf 89' lang='lat' dir='ltr'><strong>nisi</strong></span> <span class='ocrx_word' id='word_1_150' title='bbox 320 1741 384 1782; x_wconf 89' lang='lat' dir='ltr'><strong>oum</strong></span> <span class='ocrx_word' id='word_1_151' title='bbox 410 1722 437 1781; x_wconf 93' lang='lat' dir='ltr'><strong>id</strong></span> <span class='ocrx_word' id='word_1_152' title='bbox 455 1722 517 1781; x_wconf 89' lang='lat' dir='ltr'><strong>lieri</strong></span> <span class='ocrx_word' id='word_1_153' title='bbox 534 1731 633 1800; x_wconf 86' lang='lat' dir='ltr'><strong>potest</strong></span> <span class='ocrx_word' id='word_1_154' title='bbox 655 1722 803 1784; x_wconf 88' lang='lat' dir='ltr'><strong>extribus</strong></span> <span class='ocrx_word' id='word_1_155' title='bbox 827 1727 908 1802; x_wconf 88' lang='lat' dir='ltr'><strong>quasi</strong></span> <span class='ocrx_word' id='word_1_156' title='bbox 928 1724 1078 1784; x_wconf 91' lang='lat' dir='ltr'><strong>memhris:</strong></span> 
     </span>
     <span class='ocr_line' id='line_1_19' title="bbox 77 1803 1081 1886; baseline 0 -20"><span class='ocrx_word' id='word_1_157' title='bbox 77 1803 202 1868; x_wconf 83' lang='lat' dir='ltr'><strong>Corde</strong></span> <span class='ocrx_word' id='word_1_158' title='bbox 222 1807 363 1886; x_wconf 73' lang='lat' dir='ltr'><strong>perfiapic</strong></span> <span class='ocrx_word' id='word_1_159' title='bbox 384 1808 497 1867; x_wconf 78' lang='lat' dir='ltr'><strong>nostris</strong></span> <span class='ocrx_word' id='word_1_160' title='bbox 518 1809 625 1884; x_wconf 76' lang='lat' dir='ltr'><strong>copias</strong></span> <span class='ocrx_word' id='word_1_161' title='bbox 642 1815 800 1884; x_wconf 82' lang='lat' dir='ltr'><strong>comparat</strong></span> <span class='ocrx_word' id='word_1_162' title='bbox 821 1810 849 1868; x_wconf 83' lang='lat' dir='ltr'><strong>is</strong></span> <span class='ocrx_word' id='word_1_163' title='bbox 871 1816 979 1870; x_wconf 81' lang='lat' dir='ltr'><strong>contro</strong></span> <span class='ocrx_word' id='word_1_164' title='bbox 1003 1809 1081 1868; x_wconf 80' lang='lat' dir='ltr'><strong>aar?</strong></span> 
     </span>
     <span class='ocr_line' id='line_1_20' title="bbox 74 1889 1138 1969; baseline 0 -19"><span class='ocrx_word' id='word_1_165' title='bbox 74 1908 130 1950; x_wconf 92' lang='lat' dir='ltr'><strong>una</strong></span> <span class='ocrx_word' id='word_1_166' title='bbox 146 1890 274 1965; x_wconf 86' lang='lat' dir='ltr'><strong>syllaba,</strong></span> <span class='ocrx_word' id='word_1_167' title='bbox 291 1890 418 1964; x_wconf 89' lang='lat' dir='ltr'><strong>duabus,</strong></span> <span class='ocrx_word' id='word_1_168' title='bbox 435 1907 499 1949; x_wconf 90' lang='lat' dir='ltr'><strong>una.</strong></span> <span class='ocrx_word' id='word_1_169' title='bbox 528 1889 572 1950; x_wconf 89' lang='lat' dir='ltr'><strong>Ne</strong></span> <span class='ocrx_word' id='word_1_170' title='bbox 584 1890 717 1964; x_wconf 89' lang='lat' dir='ltr'><strong>dactylus</strong></span> <span class='ocrx_word' id='word_1_171' title='bbox 731 1889 846 1968; x_wconf 88' lang='lat' dir='ltr'><strong>quidem</strong></span> <span class='ocrx_word' id='word_1_172' title='bbox 858 1891 990 1969; x_wconf 87' lang='lat' dir='ltr'><strong>spondeo</strong></span> <span class='ocrx_word' id='word_1_173' title='bbox 1005 1890 1080 1950; x_wconf 88' lang='lat' dir='ltr'><strong>bene</strong></span> <span class='ocrx_word' id='word_1_174' title='bbox 1089 1904 1138 1956; x_wconf 77' lang='lat' dir='ltr'><strong>lot</strong></span> 
     </span>
     <span class='ocr_line' id='line_1_21' title="bbox 74 1973 1078 2052; baseline -0.002 -18"><span class='ocrx_word' id='word_1_175' title='bbox 74 1976 277 2052; x_wconf 73' lang='lat' dir='ltr'><strong>praeponitur,</strong></span> <span class='ocrx_word' id='word_1_176' title='bbox 301 1977 365 2052; x_wconf 88' lang='lat' dir='ltr'><strong>quia</strong></span> <span class='ocrx_word' id='word_1_177' title='bbox 387 1974 471 2034; x_wconf 86' lang='lat' dir='ltr'><strong>baem</strong></span> <span class='ocrx_word' id='word_1_178' title='bbox 494 1992 596 2034; x_wconf 88' lang='lat' dir='ltr'><strong>versus</strong></span> <span class='ocrx_word' id='word_1_179' title='bbox 618 1974 781 2034; x_wconf 91' lang='lat' dir='ltr'><strong>damnamus</strong></span> <span class='ocrx_word' id='word_1_180' title='bbox 805 1975 834 2034; x_wconf 91' lang='lat' dir='ltr'><strong>in</strong></span> <span class='ocrx_word' id='word_1_181' title='bbox 849 1973 905 2034; x_wconf 87' lang='lat' dir='ltr'><strong>fine</strong></span> <span class='ocrx_word' id='word_1_182' title='bbox 929 1975 1078 2049; x_wconf 36' lang='lat' dir='ltr'><strong>oratio-nis.</strong></span> 
     </span>
     <span class='ocr_line' id='line_1_22' title="bbox 74 2055 1080 2134; baseline -0.001 -16"><span class='ocrx_word' id='word_1_183' title='bbox 74 2057 217 2118; x_wconf 90' lang='lat' dir='ltr'><strong>Bacchius</strong></span> <span class='ocrx_word' id='word_1_184' title='bbox 235 2067 264 2117; x_wconf 89' lang='lat' dir='ltr'><strong>et</strong></span> <span class='ocrx_word' id='word_1_185' title='bbox 282 2057 388 2117; x_wconf 90' lang='lat' dir='ltr'><strong>claudit</strong></span> <span class='ocrx_word' id='word_1_186' title='bbox 410 2067 438 2118; x_wconf 88' lang='grc' dir='ltr'><strong>ει</strong></span> <span class='ocrx_word' id='word_1_187' title='bbox 459 2057 513 2117; x_wconf 90' lang='lat' dir='ltr'><strong>sibi</strong></span> <span class='ocrx_word' id='word_1_188' title='bbox 534 2058 674 2134; x_wconf 78' lang='lat' dir='ltr'><strong>iungitur:</strong></span> <span class='ocrx_word' id='word_1_189' title='bbox 702 2055 855 2119; x_wconf 83' lang='lat' dir='ltr'><strong>Venenum</strong></span> <span class='ocrx_word' id='word_1_190' title='bbox 870 2061 1009 2127; x_wconf 79' lang='lat' dir='ltr'><strong>timeres,-</strong></span> <span class='ocrx_word' id='word_1_191' title='bbox 1031 2058 1080 2117; x_wconf 89' lang='lat' dir='ltr'><strong>vel</strong></span> 
     </span>
     <span class='ocr_line' id='line_1_23' title="bbox 75 2139 1080 2220; baseline -0.002 -18"><span class='ocrx_word' id='word_1_192' title='bbox 75 2142 214 2202; x_wconf 91' lang='lat' dir='ltr'><strong>choreum</strong></span> <span class='ocrx_word' id='word_1_193' title='bbox 231 2150 259 2201; x_wconf 88' lang='lat' dir='ltr'><strong>et</strong></span> <span class='ocrx_word' id='word_1_194' title='bbox 274 2140 434 2220; x_wconf 87' lang='lat' dir='ltr'><strong>spondeum</strong></span> <span class='ocrx_word' id='word_1_195' title='bbox 446 2151 511 2201; x_wconf 89' lang='lat' dir='ltr'><strong>ante</strong></span> <span class='ocrx_word' id='word_1_196' title='bbox 527 2151 615 2200; x_wconf 90' lang='lat' dir='ltr'><strong>amat:</strong></span> <span class='ocrx_word' id='word_1_197' title='bbox 637 2140 672 2203; x_wconf 82' lang='lat' dir='ltr'><strong>Vt</strong></span> <span class='ocrx_word' id='word_1_198' title='bbox 686 2160 833 2203; x_wconf 84' lang='lat' dir='ltr'><strong>cenenum</strong></span> <span class='ocrx_word' id='word_1_199' title='bbox 843 2145 974 2206; x_wconf 82' lang='lat' dir='ltr'><strong>timeres.</strong></span> <span class='ocrx_word' id='word_1_200' title='bbox 1004 2139 1080 2200; x_wconf 85' lang='lat' dir='ltr'><strong>Con·</strong></span> 
     </span>
     <span class='ocr_line' id='line_1_24' title="bbox 72 2219 1080 2303; baseline -0.003 -18"><span class='ocrx_word' id='word_1_201' title='bbox 72 2226 179 2285; x_wconf 80' lang='lat' dir='ltr'><strong>trau-ius</strong></span> <span class='ocrx_word' id='word_1_202' title='bbox 195 2241 311 2303; x_wconf 88' lang='lat' dir='ltr'><strong>quoque</strong></span> <span class='ocrx_word' id='word_1_203' title='bbox 327 2219 453 2303; x_wconf 70' lang='lat' dir='ltr'><strong>qui&#39;est,</strong></span> <span class='ocrx_word' id='word_1_204' title='bbox 473 2225 584 2299; x_wconf 87' lang='lat' dir='ltr'><strong>cludet,</strong></span> <span class='ocrx_word' id='word_1_205' title='bbox 607 2227 661 2284; x_wconf 90' lang='lat' dir='ltr'><strong>nisi</strong></span> <span class='ocrx_word' id='word_1_206' title='bbox 684 2228 708 2285; x_wconf 88' lang='lat' dir='ltr'><strong>si</strong></span> <span class='ocrx_word' id='word_1_207' title='bbox 731 2225 857 2287; x_wconf 90' lang='lat' dir='ltr'><strong>ultimam</strong></span> <span class='ocrx_word' id='word_1_208' title='bbox 879 2226 994 2302; x_wconf 75' lang='lat' dir='ltr'><strong>longam</strong></span> <span class='ocrx_word' id='word_1_209' title='bbox 1014 2242 1080 2283; x_wconf 87' lang='lat' dir='ltr'><strong>esse</strong></span> 
     </span>
     <span class='ocr_line' id='line_1_25' title="bbox 61 2307 1080 2387; baseline 0.003 -22"><span class='ocrx_word' id='word_1_210' title='bbox 61 2310 225 2384; x_wconf 64' lang='lat' dir='ltr'><strong>uolumus,</strong></span> <span class='ocrx_word' id='word_1_211' title='bbox 248 2311 414 2387; x_wconf 72' lang='lat' dir='ltr'><strong>optimeque</strong></span> <span class='ocrx_word' id='word_1_212' title='bbox 437 2309 555 2369; x_wconf 88' lang='lat' dir='ltr'><strong>habebit</strong></span> <span class='ocrx_word' id='word_1_213' title='bbox 582 2319 647 2369; x_wconf 86' lang='lat' dir='ltr'><strong>ante</strong></span> <span class='ocrx_word' id='word_1_214' title='bbox 675 2327 707 2368; x_wconf 90' lang='lat' dir='ltr'><strong>se</strong></span> <span class='ocrx_word' id='word_1_215' title='bbox 725 2309 893 2370; x_wconf 89' lang='lat' dir='ltr'><strong>molosson:</strong></span> <span class='ocrx_word' id='word_1_216' title='bbox 915 2307 998 2369; x_wconf 79' lang='lat' dir='ltr'><strong>Civis</strong></span> <span class='ocrx_word' id='word_1_217' title='bbox 1019 2307 1080 2368; x_wconf 73' lang='lat' dir='ltr'><strong>uo-</strong></span> 
     </span>
     <span class='ocr_line' id='line_1_26' title="bbox 72 2391 1077 2472; baseline -0.004 -18"><span class='ocrx_word' id='word_1_218' title='bbox 72 2412 185 2454; x_wconf 82' lang='lat' dir='ltr'><strong>munus</strong></span> <span class='ocrx_word' id='word_1_219' title='bbox 198 2411 286 2464; x_wconf 61' lang='lat' dir='ltr'><strong>sonu</strong></span> <span class='ocrx_word' id='word_1_220' title='bbox 303 2403 350 2452; x_wconf 88' lang='lat' dir='ltr'><strong>aut</strong></span> <span class='ocrx_word' id='word_1_221' title='bbox 362 2393 528 2467; x_wconf 74' lang='lat' dir='ltr'><strong>bdoellium,</strong></span> <span class='ocrx_word' id='word_1_222' title='bbox 546 2391 635 2466; x_wconf 82' lang='lat' dir='ltr'><strong>Quod</strong></span> <span class='ocrx_word' id='word_1_223' title='bbox 649 2393 699 2454; x_wconf 83' lang='lat' dir='ltr'><strong>hio</strong></span> <span class='ocrx_word' id='word_1_224' title='bbox 713 2401 828 2472; x_wconf 82' lang='lat' dir='ltr'><strong>potest,</strong></span> <span class='ocrx_word' id='word_1_225' title='bbox 844 2412 901 2455; x_wconf 83' lang='lat' dir='ltr'><strong>nos</strong></span> <span class='ocrx_word' id='word_1_226' title='bbox 910 2410 1077 2471; x_wconf 77' lang='lat' dir='ltr'><strong>possemus.</strong></span> 
     </span>
     <span class='ocr_line' id='line_1_27' title="bbox 74 2476 1138 2556; baseline -0.001 -18"><span class='ocrx_word' id='word_1_227' title='bbox 74 2476 134 2538; x_wconf 89' lang='lat' dir='ltr'><strong>Sed</strong></span> <span class='ocrx_word' id='word_1_228' title='bbox 150 2477 247 2536; x_wconf 86' lang='lat' dir='ltr'><strong>verius</strong></span> <span class='ocrx_word' id='word_1_229' title='bbox 263 2479 318 2537; x_wconf 86' lang='lat' dir='ltr'><strong>erit</strong></span> <span class='ocrx_word' id='word_1_230' title='bbox 334 2476 470 2538; x_wconf 84' lang='lat' dir='ltr'><strong>claudere</strong></span> <span class='ocrx_word' id='word_1_231' title='bbox 486 2476 624 2536; x_wconf 88' lang='lat' dir='ltr'><strong>choreum</strong></span> <span class='ocrx_word' id='word_1_232' title='bbox 639 2477 835 2556; x_wconf 87' lang='lat' dir='ltr'><strong>praecedente</strong></span> <span class='ocrx_word' id='word_1_233' title='bbox 852 2476 1000 2555; x_wconf 85' lang='lat' dir='ltr'><strong>spondeo,</strong></span> <span class='ocrx_word' id='word_1_234' title='bbox 1017 2493 1080 2534; x_wconf 90' lang='lat' dir='ltr'><strong>nam</strong></span> <span class='ocrx_word' id='word_1_235' title='bbox 1089 2481 1138 2537; x_wconf 76' lang='lat'><strong>103</strong></span> 
     </span>
     <span class='ocr_line' id='line_1_28' title="bbox 73 2559 1078 2638; baseline -0.002 -19"><span class='ocrx_word' id='word_1_236' title='bbox 73 2561 123 2620; x_wconf 90' lang='lat' dir='ltr'><strong>hie</strong></span> <span class='ocrx_word' id='word_1_237' title='bbox 144 2561 239 2638; x_wconf 86' lang='lat' dir='ltr'><strong>potius</strong></span> <span class='ocrx_word' id='word_1_238' title='bbox 263 2570 308 2620; x_wconf 94' lang='grc' dir='ltr'><strong>εει</strong></span> <span class='ocrx_word' id='word_1_239' title='bbox 333 2579 483 2620; x_wconf 87' lang='lat' dir='ltr'><strong>numerus:</strong></span> <span class='ocrx_word' id='word_1_240' title='bbox 515 2559 578 2622; x_wconf 79' lang='lat' dir='ltr'><strong>Noe</strong></span> <span class='ocrx_word' id='word_1_241' title='bbox 599 2579 755 2638; x_wconf 78' lang='lat' dir='ltr'><strong>possemus</strong></span> <span class='ocrx_word' id='word_1_242' title='bbox 778 2570 807 2620; x_wconf 85' lang='lat' dir='ltr'><strong>et</strong></span> <span class='ocrx_word' id='word_1_243' title='bbox 827 2561 982 2622; x_wconf 80' lang='lat' dir='ltr'><strong>Romanus</strong></span> <span class='ocrx_word' id='word_1_244' title='bbox 1002 2578 1078 2620; x_wconf 83' lang='lat' dir='ltr'><strong>sum.</strong></span> 
     </span>
     <span class='ocr_line' id='line_1_29' title="bbox 74 2642 1079 2722; baseline -0.003 -19"><span class='ocrx_word' id='word_1_245' title='bbox 74 2642 200 2704; x_wconf 83' lang='lat' dir='ltr'><strong>Claudat</strong></span> <span class='ocrx_word' id='word_1_246' title='bbox 215 2653 244 2704; x_wconf 86' lang='lat' dir='ltr'><strong>et</strong></span> <span class='ocrx_word' id='word_1_247' title='bbox 255 2643 426 2720; x_wconf 77' lang='lat' dir='ltr'><strong>dichoreus,</strong></span> <span class='ocrx_word' id='word_1_248' title='bbox 444 2645 472 2704; x_wconf 90' lang='lat' dir='ltr'><strong>id</strong></span> <span class='ocrx_word' id='word_1_249' title='bbox 484 2653 529 2704; x_wconf 90' lang='lat' dir='ltr'><strong>est</strong></span> <span class='ocrx_word' id='word_1_250' title='bbox 545 2645 620 2704; x_wconf 89' lang='lat' dir='ltr'><strong>idem</strong></span> <span class='ocrx_word' id='word_1_251' title='bbox 635 2661 689 2722; x_wconf 90' lang='lat' dir='ltr'><strong>pes</strong></span> <span class='ocrx_word' id='word_1_252' title='bbox 705 2645 759 2702; x_wconf 88' lang='lat' dir='ltr'><strong>sibi</strong></span> <span class='ocrx_word' id='word_1_253' title='bbox 776 2645 839 2721; x_wconf 87' lang='lat' dir='ltr'><strong>ipse</strong></span> <span class='ocrx_word' id='word_1_254' title='bbox 854 2646 1004 2720; x_wconf 86' lang='lat' dir='ltr'><strong>iungetur,</strong></span> <span class='ocrx_word' id='word_1_255' title='bbox 1022 2659 1079 2720; x_wconf 88' lang='lat' dir='ltr'><strong>quo</strong></span> 
     </span>
     <span class='ocr_line' id='line_1_30' title="bbox 74 2726 1078 2806; baseline -0.004 -19"><span class='ocrx_word' id='word_1_256' title='bbox 74 2728 176 2788; x_wconf 81' lang='lat' dir='ltr'><strong>Asiani</strong></span> <span class='ocrx_word' id='word_1_257' title='bbox 202 2737 266 2787; x_wconf 86' lang='lat' dir='ltr'><strong>sunt</strong></span> <span class='ocrx_word' id='word_1_258' title='bbox 291 2730 335 2788; x_wconf 93' lang='lat' dir='ltr'><strong>usi</strong></span> <span class='ocrx_word' id='word_1_259' title='bbox 361 2728 527 2806; x_wconf 80' lang='lat' dir='ltr'><strong>plurimum:</strong></span> <span class='ocrx_word' id='word_1_260' title='bbox 559 2729 639 2788; x_wconf 90' lang='lat' dir='ltr'><strong>ouius</strong></span> <span class='ocrx_word' id='word_1_261' title='bbox 667 2727 830 2805; x_wconf 88' lang='lat' dir='ltr'><strong>exemplum</strong></span> <span class='ocrx_word' id='word_1_262' title='bbox 852 2726 956 2787; x_wconf 85' lang='lat' dir='ltr'><strong>Cicero</strong></span> <span class='ocrx_word' id='word_1_263' title='bbox 983 2727 1078 2804; x_wconf 89' lang='lat' dir='ltr'><strong>ponit:</strong></span> 
     </span>
     <span class='ocr_line' id='line_1_31' title="bbox 75 2809 1139 2890; baseline -0.001 -18"><span class='ocrx_word' id='word_1_264' title='bbox 75 2809 179 2873; x_wconf 85' lang='lat' dir='ltr'><strong>Putris</strong></span> <span class='ocrx_word' id='word_1_265' title='bbox 196 2813 311 2874; x_wconf 77' lang='lat' dir='ltr'><strong>dictum</strong></span> <span class='ocrx_word' id='word_1_266' title='bbox 324 2815 448 2890; x_wconf 80' lang='lat' dir='ltr'><strong>sopiens</strong></span> <span class='ocrx_word' id='word_1_267' title='bbox 462 2814 618 2874; x_wconf 77' lang='lat' dir='ltr'><strong>temeritas</strong></span> <span class='ocrx_word' id='word_1_268' title='bbox 630 2811 686 2889; x_wconf 78' lang='lat' dir='ltr'><strong>pilii</strong></span> <span class='ocrx_word' id='word_1_269' title='bbox 702 2811 917 2888; x_wconf 84' lang='lat' dir='ltr'><strong>comprobavit.</strong></span> <span class='ocrx_word' id='word_1_270' title='bbox 944 2810 1080 2888; x_wconf 77' lang='lat' dir='ltr'><strong>Accipiet</strong></span> <span class='ocrx_word' id='word_1_271' title='bbox 1089 2817 1139 2871; x_wconf 78' lang='lat'><strong>104</strong></span> 
     </span>
     <span class='ocr_line' id='line_1_32' title="bbox 73 2892 1080 2974; baseline -0.003 -18"><span class='ocrx_word' id='word_1_272' title='bbox 73 2903 143 2956; x_wconf 86' lang='lat' dir='ltr'><strong>ante</strong></span> <span class='ocrx_word' id='word_1_273' title='bbox 159 2913 192 2954; x_wconf 89' lang='lat' dir='ltr'><strong>se</strong></span> <span class='ocrx_word' id='word_1_274' title='bbox 205 2894 329 2956; x_wconf 89' lang='lat' dir='ltr'><strong>choreus</strong></span> <span class='ocrx_word' id='word_1_275' title='bbox 346 2905 375 2956; x_wconf 90' lang='lat' dir='ltr'><strong>et</strong></span> <span class='ocrx_word' id='word_1_276' title='bbox 390 2895 599 2974; x_wconf 79' lang='lat' dir='ltr'><strong>pyrrhichium:</strong></span> <span class='ocrx_word' id='word_1_277' title='bbox 625 2892 735 2956; x_wconf 79' lang='lat' dir='ltr'><strong>Omnes</strong></span> <span class='ocrx_word' id='word_1_278' title='bbox 750 2912 849 2973; x_wconf 85' lang='lat' dir='ltr'><strong>prope</strong></span> <span class='ocrx_word' id='word_1_279' title='bbox 863 2895 1080 2968; x_wconf 69' lang='lat' dir='ltr'><strong>ciceastriam,</strong></span> 
     </span>
     <span class='ocr_line' id='line_1_33' title="bbox 72 2977 1166 3059; baseline -0.006 -18"><span class='ocrx_word' id='word_1_280' title='bbox 72 2980 193 3059; x_wconf 78' lang='lat' dir='ltr'><strong>plor-io,</strong></span> <span class='ocrx_word' id='word_1_281' title='bbox 215 2980 363 3059; x_wconf 79' lang='lat' dir='ltr'><strong>diprritote</strong></span> <span class='ocrx_word' id='word_1_282' title='bbox 380 2980 556 3058; x_wconf 80' lang='lat' dir='ltr'><strong>superabat.</strong></span> <span class='ocrx_word' id='word_1_283' title='bbox 601 2977 707 3038; x_wconf 76' lang='lat' dir='ltr'><strong>cludet</strong></span> <span class='ocrx_word' id='word_1_284' title='bbox 726 2988 756 3038; x_wconf 91' lang='lat' dir='ltr'><strong>et</strong></span> <span class='ocrx_word' id='word_1_285' title='bbox 771 2977 921 3053; x_wconf 88' lang='lat' dir='ltr'><strong>dactylus,</strong></span> <span class='ocrx_word' id='word_1_286' title='bbox 945 2979 998 3038; x_wconf 88' lang='lat' dir='ltr'><strong>nisi</strong></span> <span class='ocrx_word' id='word_1_287' title='bbox 1016 2993 1082 3036; x_wconf 91' lang='lat' dir='ltr'><strong>eum</strong></span> <span class='ocrx_word' id='word_1_288' title='bbox 1163 2981 1166 2998; x_wconf 80' lang='lat'><strong>¹</strong></span> 
     </span>
     <span class='ocr_line' id='line_1_34' title="bbox 75 3060 1080 3124; baseline -0.005 -1"><span class='ocrx_word' id='word_1_289' title='bbox 75 3062 246 3123; x_wconf 85' lang='lat' dir='ltr'><strong>observatio</strong></span> <span class='ocrx_word' id='word_1_290' title='bbox 258 3062 374 3124; x_wconf 87' lang='lat' dir='ltr'><strong>ultimae</strong></span> <span class='ocrx_word' id='word_1_291' title='bbox 388 3063 527 3124; x_wconf 89' lang='lat' dir='ltr'><strong>creticum</strong></span> <span class='ocrx_word' id='word_1_292' title='bbox 542 3064 626 3124; x_wconf 87' lang='lat' dir='ltr'><strong>iacit:</strong></span> <span class='ocrx_word' id='word_1_293' title='bbox 641 3060 826 3124; x_wconf 69' lang='lat' dir='ltr'><strong>Mulierculas</strong></span> <span class='ocrx_word' id='word_1_294' title='bbox 837 3064 929 3124; x_wconf 75' lang='lat' dir='ltr'><strong>niens</strong></span> <span class='ocrx_word' id='word_1_295' title='bbox 939 3063 971 3122; x_wconf 83' lang='lat' dir='ltr'><strong>in</strong></span> <span class='ocrx_word' id='word_1_296' title='bbox 984 3063 1080 3122; x_wconf 85' lang='lat' dir='ltr'><strong>litore.</strong></span> 
     </span>
     <span class='ocr_line' id='line_1_35' title="bbox 74 3145 1080 3224; baseline -0.006 -18"><span class='ocrx_word' id='word_1_297' title='bbox 74 3145 201 3206; x_wconf 86' lang='lat' dir='ltr'><strong>Habebit</strong></span> <span class='ocrx_word' id='word_1_298' title='bbox 212 3156 278 3208; x_wconf 91' lang='lat' dir='ltr'><strong>ante</strong></span> <span class='ocrx_word' id='word_1_299' title='bbox 289 3147 364 3208; x_wconf 90' lang='lat' dir='ltr'><strong>hene</strong></span> <span class='ocrx_word' id='word_1_300' title='bbox 378 3148 516 3208; x_wconf 84' lang='lat' dir='ltr'><strong>creticum</strong></span> <span class='ocrx_word' id='word_1_301' title='bbox 529 3157 557 3207; x_wconf 89' lang='grc' dir='ltr'><strong>ει</strong></span> <span class='ocrx_word' id='word_1_302' title='bbox 570 3145 707 3222; x_wconf 86' lang='lat' dir='ltr'><strong>iambum,</strong></span> <span class='ocrx_word' id='word_1_303' title='bbox 720 3145 880 3224; x_wconf 92' lang='lat' dir='ltr'><strong>spondeum</strong></span> <span class='ocrx_word' id='word_1_304' title='bbox 892 3145 985 3217; x_wconf 88' lang='lat' dir='ltr'><strong>male,</strong></span> <span class='ocrx_word' id='word_1_305' title='bbox 998 3145 1080 3220; x_wconf 88' lang='lat' dir='ltr'><strong>peius</strong></span> 
     </span>
     <span class='ocr_line' id='line_1_36' title="bbox 74 3226 1140 3311; baseline -0.005 -22"><span class='ocrx_word' id='word_1_306' title='bbox 74 3230 226 3290; x_wconf 86' lang='lat' dir='ltr'><strong>choreum.</strong></span> <span class='ocrx_word' id='word_1_307' title='bbox 244 3229 340 3292; x_wconf 78' lang='lat' dir='ltr'><strong>Cludit</strong></span> <span class='ocrx_word' id='word_1_308' title='bbox 352 3229 588 3311; x_wconf 85' lang='lat' dir='ltr'><strong>amphibrachys:</strong></span> <span class='ocrx_word' id='word_1_309' title='bbox 603 3229 638 3302; x_wconf 83' lang='lat' dir='ltr'><strong>O.</strong></span> <span class='ocrx_word' id='word_1_310' title='bbox 649 3228 805 3309; x_wconf 71' lang='lat' dir='ltr'><strong>bipalium</strong></span> <span class='ocrx_word' id='word_1_311' title='bbox 815 3226 965 3306; x_wconf 75' lang='lat' dir='ltr'><strong>inAfrieo</strong></span> <span class='ocrx_word' id='word_1_312' title='bbox 974 3227 1140 3305; x_wconf 72' lang='lat' dir='ltr'><strong>fuisseloo</strong></span> 
     </span>
     <span class='ocr_line' id='line_1_37' title="bbox 73 3313 1081 3391; baseline -0.005 -19"><span class='ocrx_word' id='word_1_313' title='bbox 73 3315 100 3372; x_wconf 89' lang='lat' dir='ltr'><strong>si</strong></span> <span class='ocrx_word' id='word_1_314' title='bbox 125 3331 184 3374; x_wconf 93' lang='lat' dir='ltr'><strong>non</strong></span> <span class='ocrx_word' id='word_1_315' title='bbox 200 3331 264 3376; x_wconf 88' lang='lat' dir='ltr'><strong>eum</strong></span> <span class='ocrx_word' id='word_1_316' title='bbox 281 3316 418 3376; x_wconf 89' lang='lat' dir='ltr'><strong>malumus</strong></span> <span class='ocrx_word' id='word_1_317' title='bbox 446 3333 512 3374; x_wconf 90' lang='lat' dir='ltr'><strong>esse</strong></span> <span class='ocrx_word' id='word_1_318' title='bbox 538 3314 697 3374; x_wconf 87' lang='lat' dir='ltr'><strong>bacchium.</strong></span> <span class='ocrx_word' id='word_1_319' title='bbox 740 3313 804 3373; x_wconf 92' lang='lat' dir='ltr'><strong>Non</strong></span> <span class='ocrx_word' id='word_1_320' title='bbox 824 3314 947 3391; x_wconf 86' lang='lat' dir='ltr'><strong>optimus</strong></span> <span class='ocrx_word' id='word_1_321' title='bbox 964 3319 1009 3369; x_wconf 89' lang='lat' dir='ltr'><strong>est</strong></span> <span class='ocrx_word' id='word_1_322' title='bbox 1024 3318 1081 3367; x_wconf 90' lang='lat' dir='ltr'><strong>tro·</strong></span> 
     </span>
     <span class='ocr_line' id='line_1_38' title="bbox 75 3398 1082 3475; baseline -0.008 -18"><span class='ocrx_word' id='word_1_323' title='bbox 75 3398 204 3474; x_wconf 87' lang='lat' dir='ltr'><strong>chaeus,</strong></span> <span class='ocrx_word' id='word_1_324' title='bbox 223 3399 247 3458; x_wconf 88' lang='lat' dir='ltr'><strong>si</strong></span> <span class='ocrx_word' id='word_1_325' title='bbox 263 3398 320 3458; x_wconf 92' lang='lat' dir='ltr'><strong>ulla</strong></span> <span class='ocrx_word' id='word_1_326' title='bbox 336 3407 380 3459; x_wconf 87' lang='grc' dir='ltr'><strong>εει</strong></span> <span class='ocrx_word' id='word_1_327' title='bbox 395 3399 492 3459; x_wconf 91' lang='lat' dir='ltr'><strong>ultima</strong></span> <span class='ocrx_word' id='word_1_328' title='bbox 507 3398 620 3464; x_wconf 81' lang='lat' dir='ltr'><strong>brevis:</strong></span> <span class='ocrx_word' id='word_1_329' title='bbox 644 3399 721 3475; x_wconf 88' lang='lat' dir='ltr'><strong>quod</strong></span> <span class='ocrx_word' id='word_1_330' title='bbox 738 3405 818 3456; x_wconf 88' lang='lat' dir='ltr'><strong>certe</strong></span> <span class='ocrx_word' id='word_1_331' title='bbox 834 3398 870 3454; x_wconf 88' lang='lat' dir='ltr'><strong>sit</strong></span> <span class='ocrx_word' id='word_1_332' title='bbox 886 3411 1011 3472; x_wconf 77' lang='lat' dir='ltr'><strong>necesse</strong></span> <span class='ocrx_word' id='word_1_333' title='bbox 1027 3399 1082 3466; x_wconf 90' lang='lat' dir='ltr'><strong>est,</strong></span> 
     </span>
    </p>

    <p class='ocr_par' dir='ltr' id='par_1_4' title="bbox 5 3471 1081 3560">
     <span class='ocr_line' id='line_1_39' title="bbox 5 3471 1081 3560; baseline -0.006 -20"><span class='ocrx_word' id='word_1_334' title='bbox 5 3519 7 3524; x_wconf 92' lang='lat'>-</span> <span class='ocrx_word' id='word_1_335' title='bbox 73 3481 187 3560; x_wconf 86' lang='lat' dir='ltr'><strong>alioqui</strong></span> <span class='ocrx_word' id='word_1_336' title='bbox 206 3483 351 3560; x_wconf 91' lang='lat' dir='ltr'><strong>quomodo</strong></span> <span class='ocrx_word' id='word_1_337' title='bbox 377 3482 506 3558; x_wconf 88' lang='lat' dir='ltr'><strong>claudet,</strong></span> <span class='ocrx_word' id='word_1_338' title='bbox 531 3482 579 3560; x_wconf 86' lang='lat' dir='ltr'><strong>qni</strong></span> <span class='ocrx_word' id='word_1_339' title='bbox 602 3481 698 3560; x_wconf 90' lang='lat' dir='ltr'><strong>placet</strong></span> <span class='ocrx_word' id='word_1_340' title='bbox 713 3481 877 3559; x_wconf 82' lang='lat' dir='ltr'><strong>plerisque,</strong></span> <span class='ocrx_word' id='word_1_341' title='bbox 903 3471 1081 3538; x_wconf 75' lang='lat' dir='ltr'><strong>dichoreus?</strong></span> 
     </span>
    </p>
   </div>
   <div class='ocr_carea' id='block_1_4' title="bbox 1104 3641 1235 3680">
    <p class='ocr_par' dir='ltr' id='par_1_5' title="bbox 1104 3641 1235 3680">
     <span class='ocr_line' id='line_1_40' title="bbox 1104 3641 1235 3680; baseline 0 0"><span class='ocrx_word' id='word_1_342' title='bbox 1104 3641 1235 3680; x_wconf 61' lang='grc' dir='ltr'>..ι-Ι</span> 
     </span>
    </p>
   </div>
   <div class='ocr_carea' id='block_1_5' title="bbox 0 0 1255 3952">
    <p class='ocr_par' dir='ltr' id='par_1_6' title="bbox 0 0 1255 3952">
     <span class='ocr_line' id='line_1_41' title="bbox 0 0 1255 3952; baseline 0 0"><span class='ocrx_word' id='word_1_343' title='bbox 0 0 1255 3952; x_wconf 95' lang='lat' dir='ltr'><strong> </strong></span> 
     </span>
    </p>
   </div>
  </div>
 </body>
</html>
