2494 3952
199 191 258 256 tao
518 205 555 250 u.
570 201 648 251 rna.
665 203 885 263 murmuramus

196 377 259 421 cam
280 360 429 420 continuus
452 357 564 436 quidam
584 359 708 435 gemitus
729 366 757 418 ct
779 358 855 418 idern
875 359 1008 418 tristitiae
1023 357 1119 417 uultus
1133 376 1192 419 ser·

193 443 323 518 rabitur,
349 445 373 503 si
394 442 508 522 quidem
527 440 609 501 volet
629 441 761 503 dolorem
781 459 863 502 suurn
886 443 970 502 etiam
994 445 1022 502 in
1047 441 1193 502 audientes

194 526 417 588 transiundere‘i
438 543 523 604 quem
538 527 563 585 si
578 541 696 602 usquam
713 527 867 601 remiserit,
889 529 917 584 in
935 527 1055 585 animum
1070 525 1193 586 iudican-

154 613 262 674 tstium
288 627 345 670 non
370 610 501 669 reducet.
539 607 624 682 Quod
649 611 806 688 praecipue
831 609 1056 670 declamantibus
1085 609 1193 687 (neque

195 697 269 754 enim
283 712 329 754 me
344 695 475 772 poenitet
489 692 524 754 ad
539 691 596 752 boc
611 710 727 771 quoque
744 710 818 771 opus
833 710 926 752 mcum
942 701 971 752 et
986 710 1084 754 curam
1097 711 1193 752 susce·

194 788 308 857 ptorum
333 777 423 838 semel
450 776 676 837 adolescentium
701 777 866 856 respicere)
896 775 1116 836 custodiendum
1142 787 1193 850 est,

195 879 253 941 quo
270 862 369 940 plures
384 862 412 921 in
429 861 531 921 schola
547 859 689 937 linguntur
704 860 836 936 allectus,
854 875 928 939 quos
942 876 1000 919 non
1017 869 1049 918 ut
1064 861 1194 920 advocati

152 945 245 1010 56sed
260 955 291 1004 ut
311 947 389 1025 passi
409 943 545 1004 subimus.
580 941 650 1003 (lum
668 945 752 1004 etiam
773 944 830 1004 lroc
852 961 945 1022 genus
962 943 1091 1004 simulari
1108 944 1194 1004 litium

193 1028 303 1103 soleat,
326 1045 389 1088 curn
411 1030 455 1087 ius
474 1029 574 1087 mortis
591 1045 607 1086 a
622 1034 722 1086 senatu
745 1025 858 1105 quidam
874 1025 912 1086 ob
927 1027 1051 1104 aliquam
1067 1044 1195 1105 magnam

192 1111 391 1172 infelicitatem
410 1112 459 1170 vel
480 1112 565 1171 etiarn
587 1112 792 1190 poenitentiam
814 1118 932 1188 petunt,
958 1111 987 1169 in
1011 1111 1117 1188 quibus
1139 1128 1193 1170 non

193 1195 287 1255 solum
306 1203 440 1270 cantare,
465 1195 542 1274 quod
564 1196 661 1254 vitium
682 1195 825 1273 pervasit,
848 1203 896 1254 aut
917 1194 1053 1254 lascivire
1081 1195 1135 1255 sed
1160 1213 1193 1254 ne

193 1281 387 1357 argumentari
403 1279 517 1357 quidem
533 1279 586 1337 nisi
601 1279 695 1336 mixtis
712 1286 741 1338 et
757 1277 871 1356 quidem
889 1279 944 1354 ita,
965 1286 996 1338 ut
1010 1279 1076 1356 ipsa
1091 1278 1192 1356 proba·

193 1365 271 1422 tione
286 1364 378 1439 tnagis
394 1363 546 1437 emineant,
562 1361 712 1421 affectibus
728 1362 823 1423 decet.
855 1358 927 1421 Nam
944 1363 991 1439 qui
1005 1361 1192 1422 intermittere

192 1448 221 1505 in
235 1445 349 1523 agendo
366 1443 504 1505 dolorem
513 1454 628 1524 potest,
650 1445 762 1505 videtur
780 1461 867 1524 posse
884 1446 969 1522 etiam
990 1445 1154 1523 deponere.

149 1536 184 1592 st
276 1528 384 1588 Nescio
400 1537 495 1588 tamen
511 1546 547 1589 an
562 1529 655 1605 huius,
672 1530 708 1589 de
724 1545 781 1608 quo
797 1527 949 1607 loquimur,
965 1527 1084 1588 decoris
1101 1539 1191 1589 custo·

193 1613 239 1673 dia
256 1613 378 1673 maxime
401 1613 479 1671 circa
501 1629 570 1688 eos,
594 1622 722 1673 contra
743 1629 833 1690 quos
851 1611 984 1687 dicimus,
1006 1614 1191 1673 examinanda

193 1698 238 1756 sit.
278 1694 349 1756 Nam
369 1698 430 1755 sine
454 1694 540 1756 dubio
564 1698 593 1756 in
616 1695 745 1756 omnibus
770 1697 864 1755 statim
883 1695 1119 1756 accusationibus
1140 1697 1191 1756 hoc

192 1781 333 1858 agendum
349 1789 405 1855 est,
421 1797 457 1839 ne
473 1781 509 1839 ad
524 1798 574 1840 eas
588 1777 712 1840 libenter
727 1779 914 1839 descendisse
929 1778 1088 1838 videamur.
1114 1780 1189 1840 Ideo·

193 1883 249 1943 que
273 1865 339 1924 rnilri
361 1863 431 1924 illud
448 1860 541 1924 Cassii
563 1865 666 1924 Severi
687 1880 743 1923 uon
765 1863 950 1923 mediocriter
967 1861 1121 1942 displicet:
1144 1861 1191 1924 tlt·

192 1949 276 2025 boni,
305 1950 394 2017 aiom·
421 1955 465 2023 et,
494 1964 552 2025 quo
572 1966 619 2009 me
637 1949 741 2008 vivere
760 1948 857 2022 iuuet,
881 1950 1091 2024 Asprenatem
1111 1965 1190 2009 reum

189 2033 286 2092 video.
322 2029 388 2090 Non
409 2032 482 2091 enirn
497 2033 571 2091 iusta
589 2049 626 2090 ex
641 2048 728 2092 causa
742 2030 791 2090 vel
806 2031 972 2090 necessaria
987 2031 1084 2091 videri
1098 2040 1191 2110 potest

147 2115 355 2192 58postulasse
374 2133 438 2174 eum
452 2114 505 2175 sed
520 2114 641 2193 quadarn
652 2113 807 2174 accusandi
821 2113 980 2192 voluptate.
1005 2113 1129 2174 Praeter
1138 2115 1188 2174 lnoc

189 2207 294 2274 tamen,
310 2198 388 2277 quod
408 2207 453 2258 est
469 2213 628 2273 commune,
647 2199 792 2276 propriam
806 2197 1035 2257 moderationem
1050 2198 1189 2276 quaedam

189 2299 294 2342 causae
312 2282 486 2342 desiderant.
526 2281 712 2361 Quapropter
728 2289 773 2357 et,
797 2283 844 2360 qui
861 2282 1037 2341 curationem
1052 2281 1189 2341 bonomn

187 2369 278 2444 patris
294 2363 461 2442 postulabit,
480 2365 580 2426 doleat
598 2367 659 2425 eius
674 2363 882 2432 valetudinem
910 2372 939 2424 et
954 2364 1115 2443 quamlibet
1130 2383 1189 2443 gra·

187 2449 234 2509 ria
250 2448 309 2508 lilio
324 2457 409 2527 pater
424 2448 591 2508 obiecturus
606 2451 807 2509 misserrimam
823 2447 877 2506 sibi
892 2447 1026 2508 ostendat
1040 2466 1111 2508 esse
1122 2449 1189 2509 banc

188 2531 278 2610 ipsam
303 2533 524 2608 necessitatem,
551 2550 607 2592 uec
628 2532 686 2592 lunc
707 2534 808 2611 paucis
828 2532 914 2592 modo
938 2530 1036 2592 verbis
1059 2534 1115 2592 sed
1133 2541 1189 2596 toto

189 2614 291 2675 colore
307 2616 444 2691 actionis,
468 2624 498 2675 ut
521 2615 551 2674 id
571 2633 635 2674 eum
659 2633 716 2676 non
734 2615 832 2676 dicere
848 2615 933 2676 modo
949 2614 1002 2675 sed
1019 2617 1108 2676 etiarn
1123 2631 1188 2674 uere
1221 2671 1222 2676 ,

145 2697 286 2759 conicere
303 2708 452 2777 appareat.
483 2696 546 2758 Nec
562 2702 689 2760 causanti
705 2700 817 2779 pupillo
832 2699 875 2758 sio
889 2707 968 2759 tutor
982 2700 1128 2759 irascatur
1144 2717 1188 2758 uu·

188 2799 286 2860 quam,
312 2791 342 2841 ut
366 2801 423 2844 nou
442 2790 607 2843 remaneant
626 2785 732 2843 amoris
749 2784 874 2861 vestigia
896 2791 924 2842 et
945 2800 1030 2844 sacra
1052 2784 1190 2861 quaedam

186 2866 275 2942 patris
300 2867 362 2925 eius
386 2868 532 2926 memoria.
564 2866 624 2927 lam
652 2867 797 2944 quomodo
820 2875 920 2927 contra
940 2866 1124 2927 abdicantem
1145 2883 1189 2945 pa·

102 2958 106 2964 ’
187 2957 269 3024 trem,
287 2957 455 3031 querentem
471 2967 608 3027 uxorem,
631 2953 677 3028 agi
694 2969 809 3013 causam
825 2959 992 3028 oporteret,
1009 2951 1037 3008 in
1053 2950 1149 3025 libro,
1165 2957 1191 3006 ut

134 3077 137 3088 .
187 3032 326 3108 arbitror,
350 3033 473 3111 septimo
496 3033 563 3092 dixi.
605 3032 727 3107 Quando
748 3036 829 3113 ipsos
852 3033 947 3111 loqui,
970 3033 1086 3111 quando
1110 3035 1190 3094 etiarn

186 3114 320 3176 advocati
330 3133 405 3178 voce
421 3119 461 3175 uti
476 3117 589 3192 deceat,
607 3127 723 3196 quartus
739 3118 823 3194 liber,
840 3119 868 3177 in
879 3134 937 3196 quo
952 3121 1096 3197 prooemii
1108 3133 1189 3197 prac-

186 3209 271 3278 cepta
287 3209 361 3269 sunt,
379 3204 514 3260 continet.

143 3291 178 3346 to
267 3283 342 3344 Esse
358 3287 385 3344 in
401 3283 498 3345 verbis
517 3285 594 3364 qnod
612 3285 714 3345 deceat
730 3295 777 3345 aut
794 3292 878 3364 turpe
894 3287 940 3360 sit,
957 3285 1063 3344 nemini
1076 3284 1191 3344 dubium

187 3375 241 3426 cst.
278 3367 369 3426 Unum
388 3369 443 3428 iam
463 3369 549 3444 igitur
566 3369 632 3428 lruic
648 3369 732 3444 loco,
755 3369 832 3447 quod
851 3378 895 3429 est
910 3386 979 3428 sane
995 3386 1124 3428 summae
1139 3366 1192 3427 dii·

187 3449 550 3527 licultatis,'adiiciendum
572 3452 700 3528 videtur,
722 3453 825 3532 quibus
847 3453 938 3514 modis
961 3470 1011 3527 ea,
1034 3469 1112 3531 quae
1129 3458 1194 3510 suut
