2470 3962
297 166 301 176 “
318 176 320 180 ’
339 175 429 224 rnsr.
443 175 591 224 causon.
607 176 675 224 ms.
688 176 755 243 xrr,
771 175 797 228 o.
813 164 848 229 7ss
1027 163 1088 226 255

79 330 195 392 alendo
214 328 318 389 callum
339 329 492 396 inducere;
516 329 569 390 sed
586 331 640 390 iam
664 331 821 405 scientem,
845 331 912 409 quid
929 332 966 392 sit
981 349 1087 410 pugna,

81 424 118 474 et
134 415 162 473 in
178 429 261 492 quam
278 431 339 472 rem
353 412 522 474 studendum
539 414 591 488 sit,
614 413 694 474 refici
716 422 802 491 atque
819 415 963 475 renovari.
995 415 1043 474 Sic
1060 424 1117 482 ett
1159 409 1161 412 ’

79 497 213 556 tirocinii
228 505 350 571 metum,
370 495 434 555 dum
451 495 565 556 facilius
582 506 627 556 est
642 497 769 571 audere,
786 498 948 572 transierit,
969 515 1025 558 nec
1040 515 1088 558 au·

81 579 176 640 dendi
201 579 370 639 labilitatem
397 597 489 657 usque
516 579 551 638 ad
579 588 772 658 contemptum
801 581 901 658 operis
926 580 1087 640 adduxerit.

80 663 165 723 Usus
181 671 225 722 est
240 661 295 722 hac
310 662 421 722 ratione
438 661 475 720 ll.
495 661 623 738 Tullius,
648 673 677 724 et
695 681 758 724 cum
774 663 829 722 iam
845 663 1088 723 clerummeruis·

81 756 134 806 set
151 747 224 805 inter
240 753 396 823 patronos,
415 745 536 823 quitum
552 756 651 821 erant,
676 763 796 806 nomen:
815 746 843 804 in
858 746 956 805 Asiam
972 749 1089 824 naviga·

81 831 129 888 vit
146 837 240 906 seque'
256 837 286 888 et
301 827 365 888 aliis
383 829 445 904 sine
462 827 548 888 dubio
567 829 752 908 eloquentiae
772 847 807 889 ac
823 830 983 908 sapientiae
999 831 1089 908 magi·
1134 823 1138 836 ’

83 913 157 972 stris
179 911 231 971 sed
253 911 412 989 praecipue
434 920 528 973 tamen
550 911 710 990 Apollonio
725 911 851 988 lloloni,
876 931 960 992 quem
978 913 1090 972 Romae

82 1013 206 1076 quoquc
230 995 376 1070 audierat,
405 993 499 1056 Rhodi
520 1014 619 1056 rursus
642 997 821 1057 formandum
845 1015 880 1058 ac
905 997 984 1056 velut
1004 1014 1089 1064 reco-

81 1079 233 1158 quendum
260 1078 348 1138 dedit.
387 1077 458 1137 Tum
479 1077 595 1156 dignum
617 1095 727 1159 operae
750 1081 872 1158 pretium
896 1081 991 1155 venit,
1026 1099 1089 1138 cum

81 1165 164 1222 inter
180 1179 214 1221 se
230 1169 390 1238 congruunt
406 1171 564 1240 praecepta
582 1172 611 1224 et
630 1164 839 1242 experimenta.

81 1315 175 1375 Quos
189 1314 221 1364 lN
235 1311 452 1396 suscmlnpnts
472 1312 589 1366 CAUSlS
605 1313 750 1364 oannem
767 1313 986 1366 OBSERVANDA
1004 1313 1088 1364 SINT.

174 1414 237 1475 Vll.
262 1412 333 1475 Cum
349 1417 418 1476 satis
434 1416 461 1474 in
479 1417 554 1476 omni
570 1415 726 1478 certamine
742 1416 843 1474 virium
859 1415 980 1490 lecerit,
999 1416 1090 1494 prima

83 1502 116 1561 ei
134 1517 204 1559 eura
218 1499 253 1558 in
268 1499 524 1577 suscipiendis
538 1499 665 1560 causis
680 1499 748 1568 erit;
765 1500 793 1560 iu
809 1499 913 1578 quibus
929 1499 1089 1560 defendere

84 1584 205 1664 quidem
226 1599 294 1641 reos
310 1581 445 1660 proiecto
462 1601 546 1660 quam
562 1582 662 1644 lacere
679 1582 832 1643 virbonus
849 1583 952 1660 malet,
975 1599 1032 1648 non
1049 1592 1089 1642 ta-

83 1685 154 1727 men
174 1667 212 1727 ita
235 1682 339 1726 nomen
360 1666 452 1744 ipsum
473 1665 652 1726 accusatoris
675 1665 823 1742 horrebit,
845 1676 875 1726 ut
890 1666 970 1726 nullo
994 1685 1090 1745 neque

83 1750 207 1831 publico
223 1766 318 1828 neque
335 1751 447 1828 privato
463 1749 529 1810 duci
542 1749 635 1828 possit
650 1749 767 1824 cilicio,
785 1759 815 1808 ut
832 1750 957 1828 aliquem
973 1749 1009 1810 ad
1024 1750 1090 1809 red·

86 1834 212 1895 dendam
230 1834 371 1894 rationem
395 1834 472 1894 vitae
490 1841 587 1894 vocet.
620 1831 692 1892 Nam
714 1841 743 1892 et
759 1833 843 1909 leges
859 1833 941 1910 ipsae
957 1832 1026 1892 nihil
1042 1849 1090 1890 va·

86 1919 179 1992 leant,
197 1917 252 1976 nisi
264 1918 372 1976 actoris
384 1917 488 1978 idonea
500 1934 575 1976 voce
587 1916 726 1984 munitae;
745 1926 774 1975 et
785 1917 810 1974 si
822 1933 933 1994 poenas
945 1915 1090 1974 scelerum
1147 1977 1149 1983 s

87 2008 235 2080 expetere
258 1999 308 2064 las¹
324 2009 458 2061 nonest:
483 2017 576 2078 prope
593 2009 654 2075 est,
680 2009 710 2058 ut
726 1999 840 2060 seelera
864 1999 926 2077 ipsa
949 1999 1090 2078 permissa

88 2084 163 2152 sint;
182 2093 212 2143 et
227 2084 371 2144 licentiam
386 2083 469 2144 malis
485 2083 561 2158 dari,
579 2092 659 2143 certe
676 2082 887 2142 eontrabcncs
903 2092 957 2142 est.
992 2081 1118 2155 Quaret

87 2185 188 2248 neque
204 2169 348 2228 sociorum
366 2168 502 2246 querelas
519 2185 574 2226 nee
588 2167 670 2226 amici
685 2166 733 2226 vel
750 2167 903 2245 propinqui
919 2183 1021 2225 necem
1037 2182 1092 2223 nee

89 2258 244 2328 erupturas
256 2251 284 2309 in
296 2268 357 2310 rem
370 2249 513 2327 publicam
527 2251 759 2329 conspirationes
774 2249 877 2310 inultas
889 2250 1012 2326 patietur
1028 2265 1091 2307 ora·

88 2343 153 2408 tor,
187 2351 244 2393 non
270 2350 383 2412 poenae
407 2335 571 2394 nocentium
600 2333 720 2411 cupidus
743 2333 795 2392 sed
826 2332 995 2392 emendandi
1024 2331 1092 2389 vitia

90 2417 316 2495 corrigendique
338 2433 445 2476 mores.
479 2416 550 2476 Nam
571 2418 620 2496 qui
641 2417 752 2476 ratione
776 2415 887 2476 traduci
911 2415 947 2475 ad
969 2414 1088 2474 meliora
1129 2482 1133 2498 ι

90 2517 150 2560 non
166 2509 302 2578 possunt,
321 2500 386 2560 solo
403 2509 478 2560 metu
495 2501 685 2560 continentur.
717 2498 816 2577 ltaque
836 2508 866 2558 ut
883 2497 1121 2558 accusatoriamt

89 2585 180 2643 vitam
195 2584 296 2644 vivere
313 2594 342 2644 et
358 2583 393 2644 ud
409 2583 586 2644 deferendos
602 2600 671 2642 reos
688 2583 817 2660 praemio
834 2582 917 2656 duci,
933 2582 1093 2660 proximum

90 2667 245 2727 latrocinio
264 2676 323 2726 est:
348 2669 385 2727 ita
408 2676 521 2744 pestem
546 2666 705 2728 intestinam
723 2664 915 2743 propulsare,
941 2683 1003 2724 eum
1026 2678 1094 2740 pro-

91 2750 303 2829 pugnatoribus
319 2751 430 2828 patriae
449 2749 681 2828 comparandum.
709 2747 837 2826 ldeoque
853 2748 1001 2827 principes
1018 2748 1045 2804 in
1061 2764 1093 2804 re

92 2832 212 2912 publica
229 2835 282 2893 viri
299 2850 357 2892 non
374 2834 610 2894 detrectaverunt
627 2832 701 2892 hane
720 2831 808 2894 oflicii
826 2840 955 2909 partem,
978 2828 1093 2890 crediti-

91 2935 149 2996 que
172 2926 236 2976 sunt
254 2917 338 2977 etiam
355 2917 425 2977 clari
441 2918 561 2978 iuvenes
578 2915 709 2976 obsidem
732 2916 774 2974 rei
796 2914 932 2998 publicae
950 2913 1019 2976 dare
1036 2929 1093 2970 ma·

91 3001 185 3061 lorum
212 3000 316 3060 civium
338 3002 569 3074 accusationem,
593 2998 658 3079 qnia
681 3017 736 3060 neo
753 2999 850 3058 odisse
873 2997 1022 3076 improbos
1039 3013 1094 3054 nec

92 3083 253 3142 simultates
267 3089 433 3162 'provocare
449 3085 503 3143 nisi
519 3101 557 3143 ex
567 3081 670 3142 fiducia
686 3081 780 3141 bonae
794 3082 896 3141 mentis
913 3079 1092 3141 videbantur.

92 3167 184 3245 ‚dque
200 3184 262 3227 cum
279 3166 314 3227 ab
326 3167 497 3242 llortensic,
521 3165 663 3240 Lucullis,
680 3165 828 3243 Sulpicio,
846 3161 1001 3238 Cicerone,
1019 3159 1089 3221 Gae-
1103 3169 1120 3220 4

7 3273 8 3276 ¹
29 3315 32 3318 ,
93 3268 171 3325 sare,
190 3249 320 3328 plurimis
337 3251 411 3325 aliis,
428 3259 486 3309 tum
501 3250 537 3310 ab
554 3259 676 3326 utroque
692 3246 801 3308 Catone
819 3248 923 3307 facttum
942 3254 1000 3312 est;
1023 3261 1093 3321 qno·

92 3351 154 3393 rum
176 3333 251 3393 alter
272 3333 436 3411 appellatus
451 3334 584 3411 sapiens,
611 3332 684 3392 alter
699 3332 753 3390 nisi
769 3330 895 3390 creditur
912 3328 1019 3403 luisse,
1044 3329 1093 3386 vix

92 3418 171 3493 scic,
195 3418 242 3476 cui
264 3417 415 3498 reliquerit
438 3417 520 3477 buius
542 3416 663 3474 nominis
687 3414 792 3474 locum.
831 3411 934 3491 Neque
957 3410 1094 3472 defendet
