2494 3952
356 193 446 254 rusa.
461 193 609 241 aaaron.
624 195 691 240 urs.
704 194 757 260 xr,
768 191 795 244 a.
1022 182 1083 244 203

68 357 160 410 scunt
172 357 202 408 et
215 346 371 425 quamlibet
383 345 474 424 longo
490 347 591 406 itinera
602 347 725 406 deducta
737 349 771 408 ad
785 357 916 410 assuetas
928 349 983 409 sibi
996 350 1084 410 sedes

70 441 268 493 revertuntur.
304 427 399 503 Quid?
428 446 486 489 non
508 429 584 490 baec
614 431 739 491 varietas
762 433 832 492 mira
854 442 915 508 est,
945 433 1084 492 excidere

72 515 226 596 proxima,
253 523 354 573 vetera
383 510 558 574 inhaerere?
590 511 791 582 hesternorum
813 517 1085 575 immemores-acta

50 599 222 678 'pueritiae
237 593 409 657 recordari?
442 592 537 670 Quid?
565 596 642 674 quod
664 597 805 675 quaedam
825 600 964 676 requisita
985 617 1017 658 se
1034 605 1112 660 oct

73 682 187 742 cultant
203 689 232 739 et
248 679 351 739 eadem
365 677 441 738 forte
458 676 648 738 succurrunt?
663 698 718 738 nec
733 690 828 740 manet
844 699 962 760 semper
976 699 1084 750 memo·

73 767 120 824 ria
139 763 194 842 sed
209 761 362 841 aliquando
382 763 466 822 etiam
484 759 578 822 redit?
609 760 778 823 Nesciretur
794 773 904 839 tamen,
922 765 1086 844 quantavis

74 857 159 908 esset
175 847 254 922 eius,
276 854 380 924 quanta
396 845 528 906 divinitas
544 844 609 921 illa,
633 846 687 904 nisi
703 845 760 906 boc
776 846 871 906 lumen
886 848 986 906 orandi
1004 856 1085 906 extu·

73 933 171 992 iisset.
204 927 269 989 Non
291 929 365 988 enim
384 947 481 988 rerum
502 928 588 988 modo
610 929 663 989 sed
684 930 770 989 etiam
785 929 941 990 verborum
957 931 1117 992 ordinem8

77 1021 221 1095 praestat,
237 1031 292 1074 nec
309 1029 344 1073 ea
361 1030 453 1091 pauca
469 1013 597 1073 contexit
613 1011 666 1072 sed
684 1012 766 1072 durat
781 1030 874 1091 prope
892 1014 920 1072 in
937 1013 1085 1089 inlinitum,
1176 1015 1178 1022 '

75 1107 108 1159 et
120 1099 149 1156 iu
160 1096 335 1174 longissimis
351 1095 512 1156 actionibus
527 1097 606 1173 prius
619 1095 753 1156 audiendi
771 1097 907 1175 patientia
924 1115 1007 1176 quam
1024 1115 1083 1156 me·

75 1182 189 1242 moriae
201 1179 275 1241 fides
288 1179 395 1239 delicit.
424 1178 509 1252 Quod
525 1187 554 1239 et
569 1179 662 1258 ipsum
678 1189 875 1256 argumentum
890 1189 945 1255 est,
962 1178 1115 1243 subesset)

75 1274 173 1326 artem
193 1263 317 1343 aliquam
335 1262 484 1341 iuvarique
508 1263 620 1322 ratione
642 1271 785 1323 naturam:
809 1282 872 1324 cum
901 1263 986 1324 iidem
1008 1263 1086 1323 docti

76 1349 180 1409 iacere
194 1346 274 1422 iliud,
290 1346 397 1406 indocti
408 1345 649 1425 inexercitatique
665 1362 722 1405 nou
737 1347 891 1425 possimus.
919 1344 1086 1425 Quanquam

77 1431 195 1492 invenio
220 1430 295 1508 apud
310 1429 474 1506 Platonem,
500 1428 618 1489 obstare
643 1431 800 1490 memoriae
816 1448 897 1490 usum
912 1429 1085 1497 litterarum;

78 1514 220 1576 videlicet
236 1514 368 1591 quoniam
384 1513 444 1590 illa,
461 1530 534 1593 quae
552 1514 669 1656 scripp's
683 1515 876 1591 reposuimus,
893 1513 971 1572 velut
989 1522 1084 1573 custo·

78 1600 143 1660 dire
160 1597 316 1657 desinimus
332 1605 360 1656 et
375 1598 439 1675 ipsa
454 1597 609 1657 securitate
645 1599 798 1657 rmittimus.
825 1596 888 1657 Nec
904 1596 1129 1670 dubiumest,10

81 1683 150 1761 quin
174 1680 323 1759 plurimum
347 1681 376 1738 iu
397 1680 452 1741 hac
474 1689 556 1758 parte
579 1679 676 1740 valeat
696 1683 799 1741 mentis
821 1681 939 1740 intentio
963 1690 992 1740 et
1007 1680 1087 1739 velat

79 1766 162 1826 acies
179 1764 312 1823 luminum
328 1781 344 1823 a
360 1773 517 1842 prospectu
535 1781 641 1839 rerum,
661 1782 732 1842 quas
747 1766 881 1839 intuetur,
898 1780 955 1824 non
972 1781 1086 1823 aversa.

80 1848 165 1909 Unde
190 1848 309 1923 accidit,
333 1856 458 1926 atquae
483 1845 655 1925 perplures
678 1847 740 1906 dies
764 1847 914 1906 scribimus
936 1845 1086 1905 ediscendi

82 1949 181 2006 causa,
200 1932 338 2010 cogitatio
355 1931 419 2009 ipsa
437 1933 592 1991 contiueat.

169 2015 298 2074 Artem
325 2024 419 2074 autem
441 2015 640 2074 memoriae
662 2014 769 2092 primus
798 2013 961 2074 ostendisse
985 2012 1128 2073 diciturlt

84 2097 257 2159 Simonides.
296 2095 519 2175 Guiusvutgata
541 2097 638 2157 iabula
663 2107 722 2156 est:
752 2115 814 2156 cum
835 2098 923 2176 pugili
947 2103 1086 2157 coronato

83 2199 210 2256 carmen,
228 2180 313 2261 quale
331 2182 464 2259 componi
479 2180 637 2239 victoribus
654 2180 741 2256 solet,
759 2181 897 2240 mercede
914 2189 999 2259 pacta
1017 2179 1087 2238 scri·

84 2267 208 2344 psisset‚
232 2265 402 2341 abnegatam
426 2265 453 2324 ei
469 2265 611 2342 pecuniae
636 2273 763 2342 partem,
790 2264 868 2342 quod
889 2281 970 2323 more
993 2261 1088 2340 poetis

83 2350 318 2426 frequentissimo
335 2349 485 2425 digressus
500 2349 528 2406 in
547 2347 647 2407 laudes
666 2344 795 2407 Castoris
816 2366 851 2408 ac
866 2347 993 2407 Pollucis
1008 2345 1088 2404 exie·

84 2441 139 2493 rat.
178 2430 363 2510 Quapropter
384 2440 495 2510 partem
517 2431 553 2492 ab
575 2432 609 2491 iis
631 2439 750 2510 petere,
775 2449 894 2509 quornm
915 2430 993 2490 iacta
1009 2427 1088 2488 cele·

26 2521 36 2534 '
85 2516 215 2591 litasset,
238 2515 399 2576 iubebatur.
433 2513 471 2574 lit
487 2515 759 2593 persolverunt‚·ut
779 2515 911 2576 traditum
934 2522 988 2572 εει.
1019 2510 1132 2572 namra

86 2617 151 2660 cum
173 2609 253 2659 esset
274 2600 382 2676 grande
404 2599 564 2659 convivium
585 2599 613 2658 in
634 2598 774 2657 honorem
796 2599 925 2658 eiusdem
948 2595 1089 2655 victoriae

85 2691 172 2760 atque
200 2682 342 2742 adhibitus
368 2683 395 2742 ei
423 2698 535 2742 coenae
562 2681 741 2743 Simonides:
771 2683 869 2741 nuntio
896 2689 940 2739 est
967 2679 1089 2750 excitus,

86 2765 166 2846 quod
184 2783 248 2826 eum
269 2765 325 2826 duo
348 2767 467 2825 iuvenes
491 2767 573 2844 equis
595 2767 708 2827 advecti
724 2765 892 2826 desiderare
909 2764 1047 2822 maiorem
1061 2761 1091 2818 in

85 2848 201 2910 modum
216 2849 395 2910 dicebantur.
422 2847 458 2908 Et
473 2848 541 2909 illos
556 2849 671 2927 quidem
685 2865 743 2908 non
757 2850 876 2923 invenit,
892 2847 981 2907 inisse
996 2855 1091 2905 tamen

87 2941 188 3011 gratos
206 2950 277 3009 erga
294 2951 326 2992 se
343 2933 415 2994 deos
432 2935 510 2992 exitu
529 2933 678 3011 comperit.
710 2930 781 2992 Nam
796 2933 845 2991 uix
859 2948 895 2991 eo
915 2929 987 2990 ultra
1004 2930 1134 2989 limen13

88 3033 223 3093 egresso,
239 3017 391 3076 triclinium
407 3017 476 3076 illud
492 3035 578 3095 supra
596 3015 732 3076 convivas
751 3017 858 3076 corruit
874 3025 959 3093 atque
973 3015 1011 3072 ita
1023 3029 1091 3072 oon·

87 3098 169 3174 iudit,
187 3109 215 3160 ut
230 3117 288 3161 non
302 3117 354 3161 ora
367 3099 453 3160 modo
471 3116 678 3180 oppressorum
694 3100 746 3158 sed
761 3098 888 3159 membra
902 3099 985 3157 etiam
998 3096 1092 3162 omnia

87 3183 271 3261 requirentes
289 3184 324 3245 ad
341 3182 517 3261 sepulturam
537 3184 692 3263 propinqui
712 3183 789 3246 nulla
810 3191 878 3242 nota
898 3189 1018 3259 possent
1033 3179 1091 3238 dis·

89 3283 223 3327 cernere.
251 3266 322 3326 'lum
340 3267 503 3327 Simonides
518 3268 621 3328 dicitur
635 3283 746 3327 memor
762 3266 874 3340 ordine,
891 3281 948 3342 quo
969 3263 1091 3340 quisque

89 3349 285 3426 discubuerat,
303 3366 429 3429 corpora
444 3352 503 3410 suis
520 3350 691 3411 reddidisse.
719 3349 772 3409 Est
790 3358 884 3408 autem
901 3363 1002 3424 magna
1020 3345 1135 3406 interii

89 3441 225 3494 auctores
249 3433 411 3512 dissensio,
433 3433 580 3495 Glaucone
604 3431 736 3510 Carystio
761 3451 796 3494 an
810 3431 944 3492 Leocrati
962 3448 998 3490 an
1014 3427 1092 3506 Aga·
