2436 3956
159 230 200 292 bo
476 242 838 310 concorporemur
889 205 895 216 ’

158 395 328 454 abundantia
345 405 373 454 et
390 399 530 455 arcessita
546 404 575 454 et
588 396 742 454 exultantia
759 395 819 454 sub
830 392 905 454 idern
920 411 1026 454 nomen
1042 397 1148 457 cadunt.

158 477 290 556 Denique
317 472 479 556 κακόζηλον
505 487 642 554 vocatur,
669 479 805 556 quidquid
835 487 879 537 est
909 479 985 538 ultra
1010 481 1150 556 virtutem,

159 563 291 639 quotiens
322 564 465 639 ingenium
497 562 603 622 iudicio
634 570 714 621 caret
748 571 777 619 et
804 563 906 640 specie
935 561 1004 620 boni
1037 562 1151 638 fallitur,
1198 621 1200 648 η

158 645 280 703 omniurn
295 647 324 704 in
339 647 504 723 eloquentia
519 647 652 704 uitiorum
664 646 828 722 pessimum.
854 643 926 703 Nam
943 655 1042 704 cetera
1057 663 1153 723 parum

116 730 297 804 civitantur,
314 729 372 788 hoc
386 732 502 806 petitur.
546 727 599 788 Est
616 737 710 788 autem
727 737 816 788 totum
833 729 862 786 in
877 727 1055 787 elocutione.
1086 728 1154 788 Nam

158 830 254 871 rerum
274 813 342 872 vitia
365 822 430 871 sunt
453 812 585 887 stultum,
615 828 779 885 commune,
804 813 992 886 contrarium,
1018 829 1154 888 superva-

159 913 255 960 cuum:
279 906 413 973 corrupta
437 898 528 955 oratio
545 897 573 954 in
590 894 688 953 verbis
707 896 828 953 maxime
847 896 1030 972 impropriis,
1055 895 1154 954 redun-

158 977 300 1053 dantibus,
322 978 582 1056 comprehensione
598 977 733 1052 obscura,
754 979 964 1054 compositione
979 977 1089 1053 fracta,
1106 996 1155 1038 vo·

159 1079 222 1119 oum
250 1062 382 1120 similium
408 1071 456 1121 aut
483 1061 678 1158 ambiguarum
699 1061 804 1138 puerili
827 1062 991 1138 captatione
1015 1062 1155 1120 consistit

115 1141 209 1206 oflEst
226 1151 320 1202 autem
336 1162 420 1204 omne
436 1137 599 1222 κακόζηλον
618 1144 850 1221 utiquelalsum,
872 1146 1057 1203 etiamsinon
1075 1162 1157 1203 omne

158 1227 261 1286 falsum
278 1222 455 1306 κακόζηλον
482 1227 642 1287 cacozelon
664 1245 735 1286 vero
761 1235 821 1302 est,
845 1227 922 1304 quod
946 1227 1050 1286 dicitur
1064 1229 1156 1303 aliter,

158 1328 242 1388 quam
257 1329 289 1370 se
306 1321 406 1371 natura
422 1311 509 1370 habet
525 1320 554 1370 et
570 1329 653 1388 quam
673 1319 790 1390 oportet
807 1319 837 1368 et
853 1328 937 1388 quam
952 1320 997 1369 sat
1013 1321 1069 1370 est.
1103 1311 1156 1370 'lo-

158 1393 244 1452 tidem
260 1404 354 1452 autem
368 1393 525 1471 generibus
538 1397 730 1472 corrumpitur
745 1395 850 1467 oratio,
863 1403 934 1471 quot
945 1404 1073 1453 ornatur.
1102 1394 1157 1454 Sed

159 1476 194 1534 de
217 1475 271 1535 bac
293 1487 375 1554 parte
394 1485 423 1536 et
443 1479 471 1536 in
492 1477 550 1535 alio
566 1477 649 1535 nobis
665 1495 757 1556 opere
773 1477 886 1554 plenius
902 1477 1006 1536 dictum
1024 1487 1069 1536 est
1088 1488 1118 1537 et
1133 1481 1158 1536 in

157 1559 214 1618 hoc
230 1577 319 1637 saepe
341 1569 478 1618 tractatur
500 1568 529 1617 et
551 1560 645 1619 adhuc
667 1569 822 1639 spargetur
842 1559 972 1619 omnibus
990 1561 1076 1620 locis.
1106 1561 1157 1620 Lo·

160 1651 280 1719 quentes
302 1645 378 1703 enim
401 1643 437 1702 de
460 1651 561 1703 ornatu
585 1643 723 1720 subinde,
746 1661 820 1721 quae
843 1645 899 1703 sint
919 1644 1034 1704 vitanda
1057 1646 1157 1704 similia

158 1725 309 1786 virtutibus
328 1727 406 1802 vitia,
425 1728 563 1786 dicemus.

116 1816 150 1872 59
243 1811 314 1869 Sunt
337 1813 468 1870 inornata
491 1821 520 1870 et
543 1811 632 1870 baec:
656 1811 733 1889 quod
756 1811 831 1870 male
856 1810 1026 1909 dispositum
1049 1822 1110 1887 est,
1132 1811 1158 1870 id

159 1883 407 1975 ἀνοικονόμητόν·
437 1895 514 1972 quod
535 1896 611 1954 male
632 1895 799 1971 figuratum,
827 1885 893 1952 id'
876 1911 1059 1973 ασχηματον·
1084 1894 1158 1972 quod

158 1977 234 2036 male
257 1971 449 2053 collocatum,
473 1979 501 2037 id
523 1973 743 2037 κακοσύνθετον
765 1987 881 2037 vocant.
927 1977 985 2038 Sed
1010 1977 1046 2036 de
1063 1977 1158 2056 dispo·

159 2059 264 2118 sitione
285 2060 421 2129 diximus;
444 2061 480 2120 de
497 2061 596 2137 liguris
614 2069 643 2119 et
664 2063 875 2138 compositione
891 2063 1029 2121 dicemus.
1063 2066 1157 2156 Σορι·
1199 2107 1200 2144 3

158 2139 229 2218 σμὸς
261 2161 376 2225 quoque
405 2145 569 2222 appellatur
595 2143 734 2222 quaedam
761 2146 848 2204 mixta
876 2163 913 2204 ex
938 2146 1017 2204 varia
1048 2146 1158 2205 ratione
1199 2151 1200 2154 ’

157 2225 317 2303 linguarum
333 2230 442 2304 oratio,
457 2238 488 2286 ut
507 2229 532 2286 si
551 2227 655 2286 Atticis
673 2226 792 2303 Dorica,
807 2227 917 2304 Ionica,
935 2227 1060 2288 Aeolica
1076 2230 1158 2288 etiam

115 2308 234 2374 nodiota
256 2311 424 2370 confundas.
473 2309 525 2370 Cui
549 2311 642 2369 simile
663 2313 762 2371 vitium
782 2321 827 2371 est
849 2313 924 2390 apud
946 2328 1016 2387 nos,
1045 2313 1071 2370 si
1097 2312 1156 2389 quis

158 2390 288 2452 sublimia
305 2393 468 2468 humilibus,
484 2402 585 2453 vetera
602 2396 696 2470 novis,
712 2396 829 2472 poetica
844 2394 1012 2472 vulgaribus
1028 2397 1154 2455 misceat.

157 2473 189 2534 ld
213 2478 287 2533 enim
308 2477 366 2535 tale
381 2485 553 2552 monstrum,
575 2477 663 2554 quale
685 2477 820 2538 Horatius
843 2481 871 2538 in
886 2479 975 2557 prima
993 2489 1077 2556 parte
1096 2475 1156 2539 libri

79 2581 82 2590 ¹
158 2558 194 2618 de
210 2568 272 2618 arte
289 2560 405 2638 poetica
421 2559 515 2636 fingit:

308 2641 449 2705 Humano
470 2645 565 2726 copiti
583 2645 733 2706 cervicem
748 2647 848 2724 pictor
863 2647 1005 2722 equinum

308 2725 481 2806 donperre
453 2747 481 2788 st
501 2719 583 2803 colit,

159 2818 188 2868 et
204 2819 303 2871 cetera
321 2829 358 2870 ex
374 2811 497 2870 diversis
512 2812 620 2871 naturis
636 2810 779 2871 subiiciat.

117 2903 151 2957 61
245 2891 414 2953 Ornatam
436 2903 497 2968 est,
521 2893 598 2972 quod
615 2897 772 2971 perspicuo
797 2913 831 2955 ac
852 2894 997 2971 probabili
1019 2896 1087 2974 plus
1105 2902 1155 2954 est.

158 2973 228 3033 Eius
244 2978 327 3052 primi
342 2986 407 3036 sunt
422 2978 551 3054 gradus
543 2997 572 3037 m
588 2994 623 3036 eo
641 2978 718 3055 quod
733 2978 808 3037 velis
825 2978 1029 3056 exprimendo,
1046 2981 1156 3051 tertius,

160 3060 207 3135 qui
223 3058 297 3119 haec
314 3060 446 3120 nitidiora
464 3062 562 3136 iaciat,
579 3063 658 3158 puod
673 3063 792 3139 proprie
804 3062 912 3122 dixeris
929 3062 1078 3122 cultum.
1106 3060 1155 3120 lta·
1199 3111 1200 3136 ἶ

159 3160 216 3219 que
240 3137 457 3227 ἐνάργειαν,
481 3146 562 3204 cuius
582 3147 611 3202 in
631 3147 799 3223 praeceptis
820 3147 990 3205 narrationis
1006 3145 1065 3206 leci
1082 3161 1156 3204 men·
1198 3151 1200 3200 l

160 3228 277 3301 tionem,
294 3229 360 3305 quia
376 3227 441 3304 plus
457 3236 502 3287 est
518 3227 661 3288 evidentia
675 3229 734 3304 vel,
752 3237 783 3288 ut
798 3230 845 3289 alii
861 3229 967 3305 dicunt,
985 3245 1156 3306 repraesen·
1199 3201 1200 3282 i

159 3311 229 3369 tatio
246 3328 330 3388 quam
342 3311 551 3388 perspicuitas,
573 3320 602 3370 et
619 3311 690 3371 illud
707 3321 802 3390 patet,
826 3312 883 3372 hcc
899 3331 932 3372 se
947 3310 1157 3390 quodammodo

116 3405 152 3458 οι
161 3393 297 3468 ostendit,
314 3394 388 3452 inter
406 3403 572 3455 ornamenta
587 3411 736 3474 ponamus.
774 3394 879 3473 Magna
899 3398 989 3456 virtus
1010 3405 1072 3471 est,
1098 3409 1156 3466 res,

160 3474 315 3553 dequibus
334 3475 493 3554 loquimur,
517 3477 596 3536 clare
619 3487 721 3556 atque,
744 3488 774 3538 ut
789 3481 868 3539 cerui
884 3480 1049 3556 videantur,
1071 3494 1153 3537 enun-
