<?xml version="1.0" encoding="UTF-8"?>
<!DOCTYPE html PUBLIC "-//W3C//DTD XHTML 1.0 Transitional//EN"
    "http://www.w3.org/TR/xhtml1/DTD/xhtml1-transitional.dtd">
<html xmlns="http://www.w3.org/1999/xhtml" xml:lang="en" lang="en">
 <head>
  <title>
</title>
<meta http-equiv="Content-Type" content="text/html;charset=utf-8" />
  <meta name='ocr-system' content='tesseract 3.04.00' />
  <meta name='ocr-capabilities' content='ocr_page ocr_carea ocr_par ocr_line ocrx_word'/>
</head>
<body>
  <div class='ocr_page' id='page_1' title='image "./mfabiiquintilia04quingoog_0436.png"; bbox 0 0 2494 3952; ppageno 0'>
   <div class='ocr_carea' id='block_1_1' title="bbox 410 208 1116 284">
    <p class='ocr_par' dir='ltr' id='par_1_1' title="bbox 410 208 1116 284">
     <span class='ocr_line' id='line_1_1' title="bbox 410 208 1116 284; baseline -0.001 -17"><span class='ocrx_word' id='word_1_1' title='bbox 410 217 499 267; x_wconf 77' lang='lat' dir='ltr'><strong>nisu.</strong></span> <span class='ocrx_word' id='word_1_2' title='bbox 518 216 666 268; x_wconf 80' lang='lat' dir='ltr'><strong>onsuon.</strong></span> <span class='ocrx_word' id='word_1_3' title='bbox 682 217 752 266; x_wconf 71' lang='lat' dir='ltr'><strong>nus.</strong></span> <span class='ocrx_word' id='word_1_4' title='bbox 767 217 801 284; x_wconf 84' lang='lat' dir='ltr'><strong>x,</strong></span> <span class='ocrx_word' id='word_1_5' title='bbox 817 217 843 267; x_wconf 85' lang='lat'><strong>1.</strong></span> <span class='ocrx_word' id='word_1_6' title='bbox 1061 208 1116 268; x_wconf 88' lang='lat'><strong>151</strong></span> 
     </span>
    </p>
   </div>
   <div class='ocr_carea' id='block_1_2' title="bbox 109 370 1219 2031">
    <p class='ocr_par' dir='ltr' id='par_1_2' title="bbox 109 370 1219 2031">
     <span class='ocr_line' id='line_1_2' title="bbox 110 370 1117 454; baseline -0.002 -20"><span class='ocrx_word' id='word_1_7' title='bbox 110 393 174 454; x_wconf 89' lang='lat' dir='ltr'><strong>que</strong></span> <span class='ocrx_word' id='word_1_8' title='bbox 193 389 269 434; x_wconf 84' lang='lat' dir='ltr'><strong>nova</strong></span> <span class='ocrx_word' id='word_1_9' title='bbox 286 371 337 432; x_wconf 93' lang='lat' dir='ltr'><strong>illa</strong></span> <span class='ocrx_word' id='word_1_10' title='bbox 360 371 441 431; x_wconf 78' lang='lat' dir='ltr'><strong>velut</strong></span> <span class='ocrx_word' id='word_1_11' title='bbox 464 373 612 432; x_wconf 70' lang='lat' dir='ltr'><strong>nascentia</strong></span> <span class='ocrx_word' id='word_1_12' title='bbox 636 387 700 431; x_wconf 91' lang='lat' dir='ltr'><strong>cum</strong></span> <span class='ocrx_word' id='word_1_13' title='bbox 728 370 831 431; x_wconf 78' lang='lat' dir='ltr'><strong>latore</strong></span> <span class='ocrx_word' id='word_1_14' title='bbox 851 389 887 430; x_wconf 88' lang='lat' dir='ltr'><strong>ao</strong></span> <span class='ocrx_word' id='word_1_15' title='bbox 911 370 1117 432; x_wconf 89' lang='lat' dir='ltr'><strong>sollicitudine.</strong></span> 
     </span>
     <span class='ocr_line' id='line_1_3' title="bbox 111 453 1131 534; baseline -0.001 -17"><span class='ocrx_word' id='word_1_16' title='bbox 111 457 178 517; x_wconf 84' lang='lat' dir='ltr'><strong>Nec</strong></span> <span class='ocrx_word' id='word_1_17' title='bbox 193 456 308 517; x_wconf 88' lang='lat' dir='ltr'><strong>iortuna</strong></span> <span class='ocrx_word' id='word_1_18' title='bbox 330 453 416 514; x_wconf 92' lang='lat' dir='ltr'><strong>modo</strong></span> <span class='ocrx_word' id='word_1_19' title='bbox 435 453 531 514; x_wconf 89' lang='lat' dir='ltr'><strong>iudicii</strong></span> <span class='ocrx_word' id='word_1_20' title='bbox 555 453 609 514; x_wconf 89' lang='lat' dir='ltr'><strong>sed</strong></span> <span class='ocrx_word' id='word_1_21' title='bbox 630 455 714 514; x_wconf 86' lang='lat' dir='ltr'><strong>etiam</strong></span> <span class='ocrx_word' id='word_1_22' title='bbox 734 454 862 532; x_wconf 87' lang='lat' dir='ltr'><strong>ipsorum</strong></span> <span class='ocrx_word' id='word_1_23' title='bbox 879 455 927 532; x_wconf 94' lang='lat' dir='ltr'><strong>qui</strong></span> <span class='ocrx_word' id='word_1_24' title='bbox 944 463 1026 515; x_wconf 87' lang='lat' dir='ltr'><strong>orant</strong></span> <span class='ocrx_word' id='word_1_25' title='bbox 1041 456 1131 534; x_wconf 78' lang='lat' dir='ltr'><strong>peri·&#39;</strong></span> 
     </span>
     <span class='ocr_line' id='line_1_4' title="bbox 110 533 1164 615; baseline -0.002 -14"><span class='ocrx_word' id='word_1_26' title='bbox 110 540 182 601; x_wconf 86' lang='lat' dir='ltr'><strong>culo</strong></span> <span class='ocrx_word' id='word_1_27' title='bbox 199 539 348 599; x_wconf 83' lang='lat' dir='ltr'><strong>allicimur.</strong></span> <span class='ocrx_word' id='word_1_28' title='bbox 386 533 599 598; x_wconf 61' lang='lat' dir='ltr'><strong>Praeter‘baec</strong></span> <span class='ocrx_word' id='word_1_29' title='bbox 620 554 695 614; x_wconf 85' lang='lat' dir='ltr'><strong>vox,</strong></span> <span class='ocrx_word' id='word_1_30' title='bbox 714 538 790 598; x_wconf 90' lang='lat' dir='ltr'><strong>actio</strong></span> <span class='ocrx_word' id='word_1_31' title='bbox 810 537 935 614; x_wconf 88' lang='lat' dir='ltr'><strong>decora,</strong></span> <span class='ocrx_word' id='word_1_32' title='bbox 958 538 1118 615; x_wconf 88' lang='lat' dir='ltr'><strong>commoda,</strong></span> <span class='ocrx_word' id='word_1_33' title='bbox 1127 543 1164 606; x_wconf 74' lang='grc'><strong>17,</strong></span> 
     </span>
     <span class='ocr_line' id='line_1_5' title="bbox 110 619 1119 700; baseline -0.003 -17"><span class='ocrx_word' id='word_1_34' title='bbox 110 633 145 683; x_wconf 90' lang='lat' dir='ltr'><strong>ut</strong></span> <span class='ocrx_word' id='word_1_35' title='bbox 161 623 285 700; x_wconf 91' lang='lat' dir='ltr'><strong>quisque</strong></span> <span class='ocrx_word' id='word_1_36' title='bbox 300 620 384 680; x_wconf 90' lang='lat' dir='ltr'><strong>locus</strong></span> <span class='ocrx_word' id='word_1_37' title='bbox 406 619 581 700; x_wconf 78' lang='lat' dir='ltr'><strong>postulabit,</strong></span> <span class='ocrx_word' id='word_1_38' title='bbox 597 619 799 699; x_wconf 88' lang='lat' dir='ltr'><strong>pronuntiandi</strong></span> <span class='ocrx_word' id='word_1_39' title='bbox 813 619 862 682; x_wconf 83' lang='lat' dir='ltr'><strong>vel</strong></span> <span class='ocrx_word' id='word_1_40' title='bbox 875 623 1076 699; x_wconf 89' lang='lat' dir='ltr'><strong>potentissima</strong></span> <span class='ocrx_word' id='word_1_41' title='bbox 1090 623 1119 682; x_wconf 90' lang='lat' dir='ltr'><strong>in</strong></span> 
     </span>
     <span class='ocr_line' id='line_1_6' title="bbox 113 703 1151 782; baseline 0 -16"><span class='ocrx_word' id='word_1_42' title='bbox 113 704 237 766; x_wconf 88' lang='lat' dir='ltr'><strong>dicendo</strong></span> <span class='ocrx_word' id='word_1_43' title='bbox 250 704 323 764; x_wconf 91' lang='lat' dir='ltr'><strong>ratio</strong></span> <span class='ocrx_word' id='word_1_44' title='bbox 340 711 386 778; x_wconf 90' lang='lat' dir='ltr'><strong>et,</strong></span> <span class='ocrx_word' id='word_1_45' title='bbox 408 711 440 762; x_wconf 95' lang='lat' dir='ltr'><strong>ut</strong></span> <span class='ocrx_word' id='word_1_46' title='bbox 454 703 545 764; x_wconf 88' lang='lat' dir='ltr'><strong>semel</strong></span> <span class='ocrx_word' id='word_1_47' title='bbox 562 704 671 781; x_wconf 87' lang='lat' dir='ltr'><strong>dicam,</strong></span> <span class='ocrx_word' id='word_1_48' title='bbox 696 704 806 782; x_wconf 87' lang='lat' dir='ltr'><strong>pariter</strong></span> <span class='ocrx_word' id='word_1_49' title='bbox 827 704 921 764; x_wconf 85' lang='lat' dir='ltr'><strong>omnia</strong></span> <span class='ocrx_word' id='word_1_50' title='bbox 941 703 1056 765; x_wconf 87' lang='lat' dir='ltr'><strong>docent.</strong></span> <span class='ocrx_word' id='word_1_51' title='bbox 1087 704 1119 764; x_wconf 91' lang='lat' dir='ltr'><strong>lu</strong></span> <span class='ocrx_word' id='word_1_52' title='bbox 1148 761 1151 766; x_wconf 83' lang='grc'><em>,</em></span> 
     </span>
     <span class='ocr_line' id='line_1_7' title="bbox 112 785 1118 866; baseline -0.004 -17"><span class='ocrx_word' id='word_1_53' title='bbox 112 789 243 850; x_wconf 86' lang='lat' dir='ltr'><strong>lectione</strong></span> <span class='ocrx_word' id='word_1_54' title='bbox 259 789 366 848; x_wconf 88' lang='lat' dir='ltr'><strong>certius</strong></span> <span class='ocrx_word' id='word_1_55' title='bbox 383 785 534 864; x_wconf 88' lang='lat' dir='ltr'><strong>iudicium,</strong></span> <span class='ocrx_word' id='word_1_56' title='bbox 555 787 634 866; x_wconf 92' lang='lat' dir='ltr'><strong>quod</strong></span> <span class='ocrx_word' id='word_1_57' title='bbox 655 786 779 848; x_wconf 88' lang='lat' dir='ltr'><strong>audienti</strong></span> <span class='ocrx_word' id='word_1_58' title='bbox 794 785 964 866; x_wconf 83' lang='lat' dir='ltr'><strong>frequenter</strong></span> <span class='ocrx_word' id='word_1_59' title='bbox 985 796 1033 848; x_wconf 91' lang='lat' dir='ltr'><strong>aut</strong></span> <span class='ocrx_word' id='word_1_60' title='bbox 1049 804 1118 846; x_wconf 92' lang='lat' dir='ltr'><strong>suus</strong></span> 
     </span>
     <span class='ocr_line' id='line_1_8' title="bbox 110 869 1161 951; baseline -0.001 -18"><span class='ocrx_word' id='word_1_61' title='bbox 110 874 218 951; x_wconf 85' lang='lat' dir='ltr'><strong>cuique</strong></span> <span class='ocrx_word' id='word_1_62' title='bbox 239 870 324 931; x_wconf 84' lang='lat' dir='ltr'><strong>lavor</strong></span> <span class='ocrx_word' id='word_1_63' title='bbox 343 877 391 929; x_wconf 87' lang='lat' dir='ltr'><strong>aut</strong></span> <span class='ocrx_word' id='word_1_64' title='bbox 411 869 656 932; x_wconf 83' lang='lat' dir='ltr'><strong>ittetaudauttuu</strong></span> <span class='ocrx_word' id='word_1_65' title='bbox 680 869 790 931; x_wconf 91' lang='lat' dir='ltr'><strong>clamor</strong></span> <span class='ocrx_word' id='word_1_66' title='bbox 813 879 979 948; x_wconf 80' lang='lat' dir='ltr'>extorquet.</span> <span class='ocrx_word' id='word_1_67' title='bbox 1027 869 1119 931; x_wconf 92' lang='lat' dir='ltr'><strong>Pudet</strong></span> <span class='ocrx_word' id='word_1_68' title='bbox 1127 878 1161 932; x_wconf 83' lang='grc'><strong>18</strong></span> 
     </span>
     <span class='ocr_line' id='line_1_9' title="bbox 112 952 1120 1032; baseline -0.003 -17"><span class='ocrx_word' id='word_1_69' title='bbox 112 957 190 1016; x_wconf 90' lang='lat' dir='ltr'><strong>euim</strong></span> <span class='ocrx_word' id='word_1_70' title='bbox 204 954 369 1029; x_wconf 74' lang='lat' dir='ltr'><strong>dissentire,</strong></span> <span class='ocrx_word' id='word_1_71' title='bbox 387 961 417 1012; x_wconf 93' lang='lat' dir='ltr'><strong>et</strong></span> <span class='ocrx_word' id='word_1_72' title='bbox 433 952 513 1014; x_wconf 84' lang='lat' dir='ltr'><strong>velut</strong></span> <span class='ocrx_word' id='word_1_73' title='bbox 528 953 615 1015; x_wconf 89' lang='lat' dir='ltr'><strong>tacita</strong></span> <span class='ocrx_word' id='word_1_74' title='bbox 631 952 753 1032; x_wconf 91' lang='lat' dir='ltr'><strong>quadam</strong></span> <span class='ocrx_word' id='word_1_75' title='bbox 766 954 943 1014; x_wconf 85' lang='lat' dir='ltr'><strong>verecundia</strong></span> <span class='ocrx_word' id='word_1_76' title='bbox 960 953 1120 1013; x_wconf 83' lang='lat' dir='ltr'><strong>inhibemur</strong></span> 
     </span>
     <span class='ocr_line' id='line_1_10' title="bbox 111 1035 1117 1118; baseline -0.002 -20"><span class='ocrx_word' id='word_1_77' title='bbox 111 1039 180 1118; x_wconf 90' lang='lat' dir='ltr'><strong>plus</strong></span> <span class='ocrx_word' id='word_1_78' title='bbox 195 1036 279 1098; x_wconf 91' lang='lat' dir='ltr'><strong>uobis</strong></span> <span class='ocrx_word' id='word_1_79' title='bbox 295 1035 435 1113; x_wconf 88' lang='lat' dir='ltr'><strong>credere,</strong></span> <span class='ocrx_word' id='word_1_80' title='bbox 458 1054 522 1097; x_wconf 91' lang='lat' dir='ltr'><strong>cum</strong></span> <span class='ocrx_word' id='word_1_81' title='bbox 536 1037 650 1097; x_wconf 86' lang='lat' dir='ltr'><strong>iuterim</strong></span> <span class='ocrx_word' id='word_1_82' title='bbox 668 1044 697 1097; x_wconf 89' lang='lat' dir='ltr'><strong>et</strong></span> <span class='ocrx_word' id='word_1_83' title='bbox 711 1037 817 1098; x_wconf 78' lang='lat' dir='ltr'><strong>vitiosa</strong></span> <span class='ocrx_word' id='word_1_84' title='bbox 838 1036 969 1116; x_wconf 89' lang='lat' dir='ltr'><strong>pluribus</strong></span> <span class='ocrx_word' id='word_1_85' title='bbox 988 1037 1117 1115; x_wconf 88' lang='lat' dir='ltr'><strong>placent,</strong></span> 
     </span>
     <span class='ocr_line' id='line_1_11' title="bbox 111 1119 1219 1200; baseline -0.001 -18"><span class='ocrx_word' id='word_1_86' title='bbox 111 1130 144 1183; x_wconf 91' lang='lat' dir='ltr'><strong>et</strong></span> <span class='ocrx_word' id='word_1_87' title='bbox 167 1138 184 1181; x_wconf 90' lang='lat' dir='ltr'><strong>a</strong></span> <span class='ocrx_word' id='word_1_88' title='bbox 204 1121 368 1197; x_wconf 79' lang='lat' dir='ltr'><strong>corrogatis</strong></span> <span class='ocrx_word' id='word_1_89' title='bbox 391 1119 542 1180; x_wconf 74' lang='lat' dir='ltr'><strong>laudantur</strong></span> <span class='ocrx_word' id='word_1_90' title='bbox 571 1120 657 1180; x_wconf 86' lang='lat' dir='ltr'><strong>etiam</strong></span> <span class='ocrx_word' id='word_1_91' title='bbox 679 1137 753 1197; x_wconf 92' lang='lat' dir='ltr'><strong>quae</strong></span> <span class='ocrx_word' id='word_1_92' title='bbox 773 1137 831 1180; x_wconf 90' lang='lat' dir='ltr'><strong>nou</strong></span> <span class='ocrx_word' id='word_1_93' title='bbox 851 1120 978 1200; x_wconf 88' lang='lat' dir='ltr'><strong>placent.</strong></span> <span class='ocrx_word' id='word_1_94' title='bbox 1019 1119 1079 1180; x_wconf 88' lang='lat' dir='ltr'><strong>Sed</strong></span> <span class='ocrx_word' id='word_1_95' title='bbox 1100 1127 1161 1181; x_wconf 75' lang='lat' dir='ltr'><strong>elb</strong></span> <span class='ocrx_word' id='word_1_96' title='bbox 1213 1160 1219 1166; x_wconf 91' lang='lat'><em>-</em></span> 
     </span>
     <span class='ocr_line' id='line_1_12' title="bbox 111 1201 1120 1282; baseline -0.004 -16"><span class='ocrx_word' id='word_1_97' title='bbox 111 1205 260 1266; x_wconf 87' lang='lat' dir='ltr'><strong>contrario</strong></span> <span class='ocrx_word' id='word_1_98' title='bbox 277 1218 393 1282; x_wconf 88' lang='lat' dir='ltr'><strong>quoque</strong></span> <span class='ocrx_word' id='word_1_99' title='bbox 410 1202 531 1279; x_wconf 89' lang='lat' dir='ltr'><strong>accidit,</strong></span> <span class='ocrx_word' id='word_1_100' title='bbox 552 1212 582 1262; x_wconf 88' lang='lat' dir='ltr'><strong>ut</strong></span> <span class='ocrx_word' id='word_1_101' title='bbox 605 1201 712 1280; x_wconf 87' lang='lat' dir='ltr'><strong>optime</strong></span> <span class='ocrx_word' id='word_1_102' title='bbox 732 1202 817 1262; x_wconf 90' lang='lat' dir='ltr'><strong>dictis</strong></span> <span class='ocrx_word' id='word_1_103' title='bbox 834 1203 956 1280; x_wconf 76' lang='lat' dir='ltr'><strong>qratiam</strong></span> <span class='ocrx_word' id='word_1_104' title='bbox 972 1220 1063 1282; x_wconf 86' lang='lat' dir='ltr'><strong>prava</strong></span> <span class='ocrx_word' id='word_1_105' title='bbox 1077 1203 1120 1262; x_wconf 93' lang='lat' dir='ltr'><strong>iu·</strong></span> 
     </span>
     <span class='ocr_line' id='line_1_13' title="bbox 111 1284 1119 1364; baseline -0.002 -16"><span class='ocrx_word' id='word_1_106' title='bbox 111 1288 188 1348; x_wconf 89' lang='lat' dir='ltr'><strong>dicia</strong></span> <span class='ocrx_word' id='word_1_107' title='bbox 211 1304 268 1346; x_wconf 90' lang='lat' dir='ltr'><strong>nou</strong></span> <span class='ocrx_word' id='word_1_108' title='bbox 290 1285 428 1347; x_wconf 84' lang='lat' dir='ltr'><strong>referant.</strong></span> <span class='ocrx_word' id='word_1_109' title='bbox 475 1284 576 1351; x_wconf 81' lang='lat' dir='ltr'><strong>Lectio</strong></span> <span class='ocrx_word' id='word_1_110' title='bbox 597 1285 690 1346; x_wconf 88' lang='lat' dir='ltr'><strong>libera</strong></span> <span class='ocrx_word' id='word_1_111' title='bbox 713 1294 759 1351; x_wconf 88' lang='lat' dir='ltr'><strong>est</strong></span> <span class='ocrx_word' id='word_1_112' title='bbox 783 1303 838 1347; x_wconf 90' lang='lat' dir='ltr'><strong>uec</strong></span> <span class='ocrx_word' id='word_1_113' title='bbox 863 1287 985 1346; x_wconf 89' lang='lat' dir='ltr'><strong>actionis</strong></span> <span class='ocrx_word' id='word_1_114' title='bbox 1011 1287 1119 1364; x_wconf 87' lang='lat' dir='ltr'><strong>impetu</strong></span> 
     </span>
     <span class='ocr_line' id='line_1_14' title="bbox 110 1368 1119 1448; baseline -0.002 -18"><span class='ocrx_word' id='word_1_115' title='bbox 110 1371 295 1438; x_wconf 86' lang='lat' dir='ltr'><strong>transcurrit;</strong></span> <span class='ocrx_word' id='word_1_116' title='bbox 312 1369 365 1430; x_wconf 91' lang='lat' dir='ltr'><strong>sed</strong></span> <span class='ocrx_word' id='word_1_117' title='bbox 382 1377 518 1448; x_wconf 89' lang='lat' dir='ltr'><strong>repetere</strong></span> <span class='ocrx_word' id='word_1_118' title='bbox 533 1369 649 1448; x_wconf 90' lang='lat' dir='ltr'><strong>saepius</strong></span> <span class='ocrx_word' id='word_1_119' title='bbox 666 1368 752 1445; x_wconf 88' lang='lat' dir='ltr'><strong>licet,</strong></span> <span class='ocrx_word' id='word_1_120' title='bbox 772 1371 835 1429; x_wconf 82' lang='lat' dir='ltr'><strong>sire</strong></span> <span class='ocrx_word' id='word_1_121' title='bbox 851 1368 964 1440; x_wconf 80' lang='lat' dir='ltr'><strong>dubites</strong></span> <span class='ocrx_word' id='word_1_122' title='bbox 978 1369 1041 1429; x_wconf 84' lang='lat' dir='ltr'><strong>sive</strong></span> <span class='ocrx_word' id='word_1_123' title='bbox 1059 1387 1119 1428; x_wconf 93' lang='lat' dir='ltr'><strong>me·</strong></span> 
     </span>
     <span class='ocr_line' id='line_1_15' title="bbox 110 1451 1121 1531; baseline -0.002 -19"><span class='ocrx_word' id='word_1_124' title='bbox 110 1454 222 1514; x_wconf 87' lang='lat' dir='ltr'><strong>moriae</strong></span> <span class='ocrx_word' id='word_1_125' title='bbox 238 1453 360 1531; x_wconf 78' lang='lat' dir='ltr'><strong>ailigere</strong></span> <span class='ocrx_word' id='word_1_126' title='bbox 374 1452 459 1513; x_wconf 81' lang='lat' dir='ltr'><strong>velis.</strong></span> <span class='ocrx_word' id='word_1_127' title='bbox 495 1451 671 1531; x_wconf 81' lang='lat' dir='ltr'><strong>Repetamus</strong></span> <span class='ocrx_word' id='word_1_128' title='bbox 687 1459 782 1512; x_wconf 90' lang='lat' dir='ltr'><strong>autem</strong></span> <span class='ocrx_word' id='word_1_129' title='bbox 798 1462 828 1513; x_wconf 90' lang='lat' dir='ltr'><strong>et</strong></span> <span class='ocrx_word' id='word_1_130' title='bbox 843 1461 1016 1528; x_wconf 74' lang='lat' dir='ltr'><strong>tractemus,</strong></span> <span class='ocrx_word' id='word_1_131' title='bbox 1038 1461 1068 1512; x_wconf 90' lang='lat' dir='ltr'><strong>et</strong></span> <span class='ocrx_word' id='word_1_132' title='bbox 1089 1461 1121 1510; x_wconf 92' lang='lat' dir='ltr'><strong>ut</strong></span> 
     </span>
     <span class='ocr_line' id='line_1_16' title="bbox 111 1534 1119 1616; baseline -0.006 -18"><span class='ocrx_word' id='word_1_133' title='bbox 111 1536 196 1598; x_wconf 89' lang='lat' dir='ltr'><strong>cibos</strong></span> <span class='ocrx_word' id='word_1_134' title='bbox 214 1553 331 1597; x_wconf 89' lang='lat' dir='ltr'><strong>mansos</strong></span> <span class='ocrx_word' id='word_1_135' title='bbox 354 1554 389 1597; x_wconf 88' lang='lat' dir='ltr'><strong>ac</strong></span> <span class='ocrx_word' id='word_1_136' title='bbox 411 1553 505 1616; x_wconf 90' lang='lat' dir='ltr'><strong>prope</strong></span> <span class='ocrx_word' id='word_1_137' title='bbox 526 1535 700 1614; x_wconf 83' lang='lat' dir='ltr'><strong>liquefactos</strong></span> <span class='ocrx_word' id='word_1_138' title='bbox 716 1534 905 1612; x_wconf 84' lang='lat' dir='ltr'><strong>demittimus,</strong></span> <span class='ocrx_word' id='word_1_139' title='bbox 926 1553 983 1613; x_wconf 95' lang='lat' dir='ltr'><strong>quo</strong></span> <span class='ocrx_word' id='word_1_140' title='bbox 1005 1534 1119 1597; x_wconf 83' lang='lat' dir='ltr'><strong>facilius</strong></span> 
     </span>
     <span class='ocr_line' id='line_1_17' title="bbox 110 1618 1119 1698; baseline -0.003 -18"><span class='ocrx_word' id='word_1_141' title='bbox 110 1620 297 1698; x_wconf 78' lang='lat' dir='ltr'><strong>digerantur:</strong></span> <span class='ocrx_word' id='word_1_142' title='bbox 319 1619 359 1680; x_wconf 87' lang='lat' dir='ltr'><strong>ita</strong></span> <span class='ocrx_word' id='word_1_143' title='bbox 376 1619 465 1680; x_wconf 91' lang='lat' dir='ltr'><strong>lectio</strong></span> <span class='ocrx_word' id='word_1_144' title='bbox 487 1633 545 1679; x_wconf 88' lang='lat' dir='ltr'><strong>nou</strong></span> <span class='ocrx_word' id='word_1_145' title='bbox 560 1618 649 1680; x_wconf 75' lang='lat' dir='ltr'><strong>cruda</strong></span> <span class='ocrx_word' id='word_1_146' title='bbox 664 1618 717 1679; x_wconf 91' lang='lat' dir='ltr'><strong>sed</strong></span> <span class='ocrx_word' id='word_1_147' title='bbox 731 1618 820 1680; x_wconf 89' lang='lat' dir='ltr'><strong>multa</strong></span> <span class='ocrx_word' id='word_1_148' title='bbox 839 1620 993 1679; x_wconf 85' lang='lat' dir='ltr'><strong>iteratione</strong></span> <span class='ocrx_word' id='word_1_149' title='bbox 1008 1618 1119 1679; x_wconf 88' lang='lat' dir='ltr'><strong>mollita</strong></span> 
     </span>
     <span class='ocr_line' id='line_1_18' title="bbox 109 1701 1153 1780; baseline -0.001 -18"><span class='ocrx_word' id='word_1_150' title='bbox 109 1712 143 1763; x_wconf 88' lang='lat' dir='ltr'><strong>et</strong></span> <span class='ocrx_word' id='word_1_151' title='bbox 154 1702 234 1763; x_wconf 84' lang='lat' dir='ltr'><strong>velut</strong></span> <span class='ocrx_word' id='word_1_152' title='bbox 250 1701 384 1764; x_wconf 85' lang='lat' dir='ltr'><strong>coniecta</strong></span> <span class='ocrx_word' id='word_1_153' title='bbox 403 1703 560 1763; x_wconf 87' lang='lat' dir='ltr'><strong>memoriae</strong></span> <span class='ocrx_word' id='word_1_154' title='bbox 576 1702 784 1780; x_wconf 85' lang='lat' dir='ltr'><strong>imitationique</strong></span> <span class='ocrx_word' id='word_1_155' title='bbox 800 1703 936 1764; x_wconf 89' lang='lat' dir='ltr'><strong>tradatur.</strong></span> <span class='ocrx_word' id='word_1_156' title='bbox 1137 1702 1153 1774; x_wconf 61' lang='lat' dir='ltr'><em>J</em></span> 
     </span>
     <span class='ocr_line' id='line_1_19' title="bbox 132 1783 1163 1864; baseline 0.004 -22"><span class='ocrx_word' id='word_1_157' title='bbox 132 1831 136 1842; x_wconf 93' lang='lat'><em>.</em></span> <span class='ocrx_word' id='word_1_158' title='bbox 197 1785 242 1848; x_wconf 84' lang='lat' dir='ltr'><strong>Ac</strong></span> <span class='ocrx_word' id='word_1_159' title='bbox 258 1787 305 1846; x_wconf 92' lang='lat' dir='ltr'><strong>diu</strong></span> <span class='ocrx_word' id='word_1_160' title='bbox 320 1801 378 1846; x_wconf 89' lang='lat' dir='ltr'><strong>nou</strong></span> <span class='ocrx_word' id='word_1_161' title='bbox 399 1787 453 1846; x_wconf 88' lang='lat' dir='ltr'><strong>uisi</strong></span> <span class='ocrx_word' id='word_1_162' title='bbox 471 1787 595 1864; x_wconf 88' lang='lat' dir='ltr'><strong>optimus</strong></span> <span class='ocrx_word' id='word_1_163' title='bbox 611 1787 734 1864; x_wconf 90' lang='lat' dir='ltr'><strong>quisque</strong></span> <span class='ocrx_word' id='word_1_164' title='bbox 760 1793 789 1845; x_wconf 92' lang='lat' dir='ltr'><strong>et</strong></span> <span class='ocrx_word' id='word_1_165' title='bbox 811 1787 859 1864; x_wconf 94' lang='lat' dir='ltr'><strong>qui</strong></span> <span class='ocrx_word' id='word_1_166' title='bbox 880 1784 1047 1845; x_wconf 86' lang='lat' dir='ltr'><strong>credentem</strong></span> <span class='ocrx_word' id='word_1_167' title='bbox 1066 1783 1163 1846; x_wconf 82' lang='lat' dir='ltr'><strong>sibino</strong></span> 
     </span>
     <span class='ocr_line' id='line_1_20' title="bbox 109 1868 1118 1950; baseline -0.002 -22"><span class='ocrx_word' id='word_1_168' title='bbox 109 1871 226 1929; x_wconf 88' lang='lat' dir='ltr'><strong>minime</strong></span> <span class='ocrx_word' id='word_1_169' title='bbox 244 1869 327 1930; x_wconf 84' lang='lat' dir='ltr'><strong>fallat</strong></span> <span class='ocrx_word' id='word_1_170' title='bbox 345 1869 487 1947; x_wconf 80' lang='lat' dir='ltr'><strong>legendus</strong></span> <span class='ocrx_word' id='word_1_171' title='bbox 501 1876 567 1946; x_wconf 77' lang='lat' dir='ltr'><strong>est,</strong></span> <span class='ocrx_word' id='word_1_172' title='bbox 588 1868 641 1929; x_wconf 88' lang='lat' dir='ltr'><strong>sed</strong></span> <span class='ocrx_word' id='word_1_173' title='bbox 656 1868 812 1950; x_wconf 81' lang='lat' dir='ltr'><strong>diligenter</strong></span> <span class='ocrx_word' id='word_1_174' title='bbox 832 1886 868 1928; x_wconf 91' lang='lat' dir='ltr'><strong>ac</strong></span> <span class='ocrx_word' id='word_1_175' title='bbox 885 1885 979 1946; x_wconf 87' lang='lat' dir='ltr'><strong>paene</strong></span> <span class='ocrx_word' id='word_1_176' title='bbox 994 1868 1031 1928; x_wconf 93' lang='lat' dir='ltr'><strong>ad</strong></span> <span class='ocrx_word' id='word_1_177' title='bbox 1048 1868 1118 1926; x_wconf 91' lang='lat' dir='ltr'><strong>scri-</strong></span> 
     </span>
     <span class='ocr_line' id='line_1_21' title="bbox 111 1949 1119 2031; baseline -0.003 -19"><span class='ocrx_word' id='word_1_178' title='bbox 111 1949 200 2014; x_wconf 91' lang='lat' dir='ltr'><strong>bendi</strong></span> <span class='ocrx_word' id='word_1_179' title='bbox 213 1951 455 2022; x_wconf 55' lang='lat' dir='ltr'><strong>sollicitudinem}</strong></span> <span class='ocrx_word' id='word_1_180' title='bbox 477 1970 533 2012; x_wconf 88' lang='lat' dir='ltr'><strong>uec</strong></span> <span class='ocrx_word' id='word_1_181' title='bbox 557 1970 612 2030; x_wconf 90' lang='lat' dir='ltr'><strong>per</strong></span> <span class='ocrx_word' id='word_1_182' title='bbox 624 1961 723 2031; x_wconf 90' lang='lat' dir='ltr'><strong>partes</strong></span> <span class='ocrx_word' id='word_1_183' title='bbox 737 1952 823 2012; x_wconf 86' lang='lat' dir='ltr'><strong>modo</strong></span> <span class='ocrx_word' id='word_1_184' title='bbox 844 1950 997 2011; x_wconf 88' lang='lat' dir='ltr'><strong>scrutanda</strong></span> <span class='ocrx_word' id='word_1_185' title='bbox 1014 1949 1119 2025; x_wconf 84' lang='lat' dir='ltr'><strong>omnia,</strong></span> 
     </span>
    </p>
   </div>
   <div class='ocr_carea' id='block_1_3' title="bbox 14 2035 1118 2116">
    <p class='ocr_par' dir='ltr' id='par_1_3' title="bbox 14 2035 1118 2116">
     <span class='ocr_line' id='line_1_22' title="bbox 14 2035 1118 2116; baseline -0.004 -20"><span class='ocrx_word' id='word_1_186' title='bbox 14 2071 18 2076; x_wconf 77' lang='lat'><strong>,</strong></span> <span class='ocrx_word' id='word_1_187' title='bbox 109 2036 168 2096; x_wconf 87' lang='lat' dir='ltr'><strong>sed</strong></span> <span class='ocrx_word' id='word_1_188' title='bbox 182 2036 334 2115; x_wconf 87' lang='lat' dir='ltr'><strong>&#39;perlectus</strong></span> <span class='ocrx_word' id='word_1_189' title='bbox 350 2036 425 2097; x_wconf 92' lang='lat' dir='ltr'><strong>liber</strong></span> <span class='ocrx_word' id='word_1_190' title='bbox 439 2035 539 2116; x_wconf 91' lang='lat' dir='ltr'><strong>utique</strong></span> <span class='ocrx_word' id='word_1_191' title='bbox 554 2051 593 2096; x_wconf 85' lang='lat' dir='ltr'><strong>cx</strong></span> <span class='ocrx_word' id='word_1_192' title='bbox 606 2036 721 2114; x_wconf 80' lang='lat' dir='ltr'><strong>integro</strong></span> <span class='ocrx_word' id='word_1_193' title='bbox 737 2035 943 2111; x_wconf 88' lang='lat' dir='ltr'><strong>resumendus,</strong></span> <span class='ocrx_word' id='word_1_194' title='bbox 959 2035 1118 2112; x_wconf 85' lang='lat' dir='ltr'><strong>praecipue</strong></span> 
     </span>
    </p>
   </div>
   <div class='ocr_carea' id='block_1_4' title="bbox 111 2115 1161 2364">
    <p class='ocr_par' dir='ltr' id='par_1_4' title="bbox 111 2115 1161 2364">
     <span class='ocr_line' id='line_1_23' title="bbox 111 2115 1119 2198; baseline -0.004 -20"><span class='ocrx_word' id='word_1_195' title='bbox 111 2120 225 2195; x_wconf 90' lang='lat' dir='ltr'><strong>oratio,</strong></span> <span class='ocrx_word' id='word_1_196' title='bbox 242 2119 323 2179; x_wconf 90' lang='lat' dir='ltr'><strong>ouius</strong></span> <span class='ocrx_word' id='word_1_197' title='bbox 340 2121 463 2184; x_wconf 84' lang='lat' dir='ltr'><strong>virtutes</strong></span> <span class='ocrx_word' id='word_1_198' title='bbox 477 2117 647 2198; x_wconf 83' lang='lat' dir='ltr'><strong>frequenter</strong></span> <span class='ocrx_word' id='word_1_199' title='bbox 665 2137 704 2180; x_wconf 85' lang='lat' dir='ltr'><strong>ex</strong></span> <span class='ocrx_word' id='word_1_200' title='bbox 718 2119 855 2187; x_wconf 89' lang='lat' dir='ltr'><strong>industria</strong></span> <span class='ocrx_word' id='word_1_201' title='bbox 882 2134 999 2197; x_wconf 91' lang='lat' dir='ltr'><strong>quoque</strong></span> <span class='ocrx_word' id='word_1_202' title='bbox 1021 2115 1119 2178; x_wconf 90' lang='lat' dir='ltr'><strong>occul·</strong></span> 
     </span>
     <span class='ocr_line' id='line_1_24' title="bbox 111 2201 1161 2282; baseline -0.001 -20"><span class='ocrx_word' id='word_1_203' title='bbox 111 2211 217 2262; x_wconf 90' lang='lat' dir='ltr'><strong>tantur.</strong></span> <span class='ocrx_word' id='word_1_204' title='bbox 258 2203 355 2280; x_wconf 86' lang='lat' dir='ltr'><strong>Saepe</strong></span> <span class='ocrx_word' id='word_1_205' title='bbox 371 2205 445 2263; x_wconf 89' lang='lat' dir='ltr'><strong>euim</strong></span> <span class='ocrx_word' id='word_1_206' title='bbox 459 2211 631 2282; x_wconf 90' lang='lat' dir='ltr'><strong>praeparat,</strong></span> <span class='ocrx_word' id='word_1_207' title='bbox 652 2201 827 2279; x_wconf 87' lang='lat' dir='ltr'><strong>dissimulat,</strong></span> <span class='ocrx_word' id='word_1_208' title='bbox 843 2201 991 2272; x_wconf 89' lang='lat' dir='ltr'><strong>insidiatur</strong></span> <span class='ocrx_word' id='word_1_209' title='bbox 1008 2207 1161 2274; x_wconf 79' lang='lat' dir='ltr'><strong>orator,bl</strong></span> 
     </span>
     <span class='ocr_line' id='line_1_25' title="bbox 112 2285 1118 2364; baseline -0.006 -18"><span class='ocrx_word' id='word_1_210' title='bbox 112 2301 209 2364; x_wconf 90' lang='lat' dir='ltr'><strong>eaque</strong></span> <span class='ocrx_word' id='word_1_211' title='bbox 225 2286 253 2344; x_wconf 91' lang='lat' dir='ltr'><strong>in</strong></span> <span class='ocrx_word' id='word_1_212' title='bbox 268 2287 359 2364; x_wconf 88' lang='lat' dir='ltr'><strong>prima</strong></span> <span class='ocrx_word' id='word_1_213' title='bbox 375 2295 458 2364; x_wconf 89' lang='lat' dir='ltr'><strong>parte</strong></span> <span class='ocrx_word' id='word_1_214' title='bbox 474 2287 595 2346; x_wconf 86' lang='lat' dir='ltr'><strong>actionis</strong></span> <span class='ocrx_word' id='word_1_215' title='bbox 613 2286 697 2362; x_wconf 90' lang='lat' dir='ltr'><strong>dicit,</strong></span> <span class='ocrx_word' id='word_1_216' title='bbox 715 2303 790 2364; x_wconf 88' lang='lat' dir='ltr'><strong>quae</strong></span> <span class='ocrx_word' id='word_1_217' title='bbox 806 2285 913 2344; x_wconf 90' lang='lat' dir='ltr'><strong>suntin</strong></span> <span class='ocrx_word' id='word_1_218' title='bbox 928 2301 1036 2344; x_wconf 88' lang='lat' dir='ltr'><strong>summa</strong></span> <span class='ocrx_word' id='word_1_219' title='bbox 1051 2299 1118 2361; x_wconf 88' lang='lat' dir='ltr'><strong>pro·</strong></span> 
     </span>
    </p>
   </div>
   <div class='ocr_carea' id='block_1_5' title="bbox 21 2365 1120 2448">
    <p class='ocr_par' dir='ltr' id='par_1_5' title="bbox 21 2365 1120 2448">
     <span class='ocr_line' id='line_1_26' title="bbox 21 2365 1120 2448; baseline -0.004 -20"><span class='ocrx_word' id='word_1_220' title='bbox 21 2405 27 2418; x_wconf 91' lang='lat'><strong>·</strong></span> <span class='ocrx_word' id='word_1_221' title='bbox 113 2368 218 2428; x_wconf 77' lang='lat' dir='ltr'><strong>subura.</strong></span> <span class='ocrx_word' id='word_1_222' title='bbox 260 2366 361 2446; x_wconf 85' lang='lat' dir='ltr'><strong>ltaque</strong></span> <span class='ocrx_word' id='word_1_223' title='bbox 384 2387 437 2429; x_wconf 92' lang='lat' dir='ltr'><strong>suo</strong></span> <span class='ocrx_word' id='word_1_224' title='bbox 458 2368 526 2429; x_wconf 93' lang='lat' dir='ltr'><strong>loco</strong></span> <span class='ocrx_word' id='word_1_225' title='bbox 549 2371 639 2429; x_wconf 91' lang='lat' dir='ltr'><strong>miuus</strong></span> <span class='ocrx_word' id='word_1_226' title='bbox 654 2369 789 2448; x_wconf 84' lang='lat' dir='ltr'><strong>placent,</strong></span> <span class='ocrx_word' id='word_1_227' title='bbox 812 2368 904 2429; x_wconf 91' lang='lat' dir='ltr'><strong>adbuc</strong></span> <span class='ocrx_word' id='word_1_228' title='bbox 925 2365 1008 2426; x_wconf 88' lang='lat' dir='ltr'><strong>uobis</strong></span> <span class='ocrx_word' id='word_1_229' title='bbox 1030 2382 1120 2444; x_wconf 89' lang='lat' dir='ltr'><strong>quare</strong></span> 
     </span>
    </p>
   </div>
   <div class='ocr_carea' id='block_1_6' title="bbox 111 2448 1119 2532">
    <p class='ocr_par' dir='ltr' id='par_1_6' title="bbox 111 2448 1119 2532">
     <span class='ocr_line' id='line_1_27' title="bbox 111 2448 1119 2532; baseline -0.004 -20"><span class='ocrx_word' id='word_1_230' title='bbox 111 2450 192 2512; x_wconf 86' lang='lat' dir='ltr'><strong>dicta</strong></span> <span class='ocrx_word' id='word_1_231' title='bbox 211 2448 266 2512; x_wconf 87' lang='lat' dir='ltr'><strong>slbt</strong></span> <span class='ocrx_word' id='word_1_232' title='bbox 283 2451 497 2529; x_wconf 78' lang='lat' dir='ltr'><strong>ignorantibus;</strong></span> <span class='ocrx_word' id='word_1_233' title='bbox 513 2452 638 2532; x_wconf 92' lang='lat' dir='ltr'><strong>ideoque</strong></span> <span class='ocrx_word' id='word_1_234' title='bbox 655 2461 738 2512; x_wconf 89' lang='lat' dir='ltr'><strong>eruut</strong></span> <span class='ocrx_word' id='word_1_235' title='bbox 749 2453 873 2530; x_wconf 79' lang='lat' dir='ltr'><strong>coguitis</strong></span> <span class='ocrx_word' id='word_1_236' title='bbox 888 2449 1018 2512; x_wconf 88' lang='lat' dir='ltr'><strong>omuibus</strong></span> <span class='ocrx_word' id='word_1_237' title='bbox 1033 2465 1119 2528; x_wconf 91' lang='lat' dir='ltr'><strong>repe·</strong></span> 
     </span>
    </p>
   </div>
   <div class='ocr_carea' id='block_1_7' title="bbox 1 2532 1162 2613">
    <p class='ocr_par' dir='ltr' id='par_1_7' title="bbox 1 2532 1162 2613">
     <span class='ocr_line' id='line_1_28' title="bbox 1 2532 1162 2613; baseline -0.004 -13"><span class='ocrx_word' id='word_1_238' title='bbox 1 2585 2 2600; x_wconf 55' lang='lat'>2</span> <span class='ocrx_word' id='word_1_239' title='bbox 108 2532 210 2594; x_wconf 84' lang='lat' dir='ltr'><strong>tenda.</strong></span> <span class='ocrx_word' id='word_1_240' title='bbox 258 2533 333 2596; x_wconf 92' lang='lat' dir='ltr'><strong>lllud</strong></span> <span class='ocrx_word' id='word_1_241' title='bbox 354 2552 426 2596; x_wconf 82' lang='lat' dir='ltr'><strong>vero</strong></span> <span class='ocrx_word' id='word_1_242' title='bbox 449 2535 645 2612; x_wconf 89' lang='lat' dir='ltr'><strong>utilissimum,</strong></span> <span class='ocrx_word' id='word_1_243' title='bbox 673 2554 762 2596; x_wconf 86' lang='lat' dir='ltr'><strong>nosse</strong></span> <span class='ocrx_word' id='word_1_244' title='bbox 786 2553 836 2597; x_wconf 88' lang='lat' dir='ltr'><strong>eas</strong></span> <span class='ocrx_word' id='word_1_245' title='bbox 857 2551 977 2609; x_wconf 88' lang='lat' dir='ltr'><strong>causas,</strong></span> <span class='ocrx_word' id='word_1_246' title='bbox 1001 2541 1162 2613; x_wconf 71' lang='lat' dir='ltr'><strong>quarumtl</strong></span> 
     </span>
    </p>
   </div>
   <div class='ocr_carea' id='block_1_8' title="bbox 110 2617 1222 3532">
    <p class='ocr_par' dir='ltr' id='par_1_8' title="bbox 110 2617 1222 3532">
     <span class='ocr_line' id='line_1_29' title="bbox 111 2617 1119 2698; baseline -0.005 -20"><span class='ocrx_word' id='word_1_247' title='bbox 111 2618 262 2678; x_wconf 90' lang='lat' dir='ltr'><strong>orationes</strong></span> <span class='ocrx_word' id='word_1_248' title='bbox 278 2618 307 2678; x_wconf 90' lang='lat' dir='ltr'><strong>in</strong></span> <span class='ocrx_word' id='word_1_249' title='bbox 324 2637 423 2680; x_wconf 89' lang='lat' dir='ltr'><strong>manus</strong></span> <span class='ocrx_word' id='word_1_250' title='bbox 434 2621 653 2698; x_wconf 88' lang='lat' dir='ltr'><strong>sumpserimus,</strong></span> <span class='ocrx_word' id='word_1_251' title='bbox 669 2629 697 2680; x_wconf 90' lang='lat' dir='ltr'><strong>et</strong></span> <span class='ocrx_word' id='word_1_252' title='bbox 714 2619 847 2698; x_wconf 90' lang='lat' dir='ltr'><strong>quotiens</strong></span> <span class='ocrx_word' id='word_1_253' title='bbox 857 2618 1016 2694; x_wconf 78' lang='lat' dir='ltr'><strong>continget,</strong></span> <span class='ocrx_word' id='word_1_254' title='bbox 1031 2617 1119 2674; x_wconf 90' lang='lat' dir='ltr'><strong>utrin-</strong></span> 
     </span>
     <span class='ocr_line' id='line_1_30' title="bbox 110 2698 1120 2782; baseline -0.003 -22"><span class='ocrx_word' id='word_1_255' title='bbox 110 2719 172 2780; x_wconf 92' lang='lat' dir='ltr'><strong>que</strong></span> <span class='ocrx_word' id='word_1_256' title='bbox 187 2699 300 2762; x_wconf 84' lang='lat' dir='ltr'><strong>habitas</strong></span> <span class='ocrx_word' id='word_1_257' title='bbox 315 2702 418 2782; x_wconf 81' lang='lat' dir='ltr'><strong>legere</strong></span> <span class='ocrx_word' id='word_1_258' title='bbox 433 2702 579 2764; x_wconf 88' lang='lat' dir='ltr'><strong>actiones:</strong></span> <span class='ocrx_word' id='word_1_259' title='bbox 602 2711 633 2763; x_wconf 92' lang='lat' dir='ltr'><strong>ut</strong></span> <span class='ocrx_word' id='word_1_260' title='bbox 647 2701 850 2763; x_wconf 86' lang='lat' dir='ltr'><strong>Demosthenis</strong></span> <span class='ocrx_word' id='word_1_261' title='bbox 865 2709 952 2779; x_wconf 89' lang='lat' dir='ltr'><strong>atque</strong></span> <span class='ocrx_word' id='word_1_262' title='bbox 965 2698 1120 2758; x_wconf 76' lang='lat' dir='ltr'><strong>Aescbiuis</strong></span> 
     </span>
     <span class='ocr_line' id='line_1_31' title="bbox 111 2782 1222 2864; baseline -0.005 -20"><span class='ocrx_word' id='word_1_263' title='bbox 111 2787 188 2844; x_wconf 90' lang='lat' dir='ltr'><strong>inter</strong></span> <span class='ocrx_word' id='word_1_264' title='bbox 204 2802 238 2845; x_wconf 93' lang='lat' dir='ltr'><strong>se</strong></span> <span class='ocrx_word' id='word_1_265' title='bbox 254 2787 426 2854; x_wconf 67' lang='lat' dir='ltr'><strong>contrariam</strong></span> <span class='ocrx_word' id='word_1_266' title='bbox 451 2793 480 2846; x_wconf 92' lang='lat' dir='ltr'><strong>et</strong></span> <span class='ocrx_word' id='word_1_267' title='bbox 506 2785 601 2846; x_wconf 84' lang='lat' dir='ltr'><strong>Servii</strong></span> <span class='ocrx_word' id='word_1_268' title='bbox 621 2785 742 2864; x_wconf 90' lang='lat' dir='ltr'><strong>Sulpicii</strong></span> <span class='ocrx_word' id='word_1_269' title='bbox 765 2794 851 2864; x_wconf 90' lang='lat' dir='ltr'><strong>atque</strong></span> <span class='ocrx_word' id='word_1_270' title='bbox 868 2782 1027 2858; x_wconf 84' lang='lat' dir='ltr'><strong>Messalae,</strong></span> <span class='ocrx_word' id='word_1_271' title='bbox 1049 2797 1120 2860; x_wconf 92' lang='lat' dir='ltr'><strong>quo·</strong></span> <span class='ocrx_word' id='word_1_272' title='bbox 1219 2783 1222 2788; x_wconf 86' lang='lat'>&#39;</span> 
     </span>
     <span class='ocr_line' id='line_1_32' title="bbox 110 2863 1120 2950; baseline -0.007 -21"><span class='ocrx_word' id='word_1_273' title='bbox 110 2887 177 2929; x_wconf 89' lang='lat' dir='ltr'><strong>rum</strong></span> <span class='ocrx_word' id='word_1_274' title='bbox 191 2867 267 2928; x_wconf 92' lang='lat' dir='ltr'><strong>alter</strong></span> <span class='ocrx_word' id='word_1_275' title='bbox 278 2884 332 2948; x_wconf 92' lang='lat' dir='ltr'><strong>pro</strong></span> <span class='ocrx_word' id='word_1_276' title='bbox 347 2868 471 2946; x_wconf 76' lang='lat' dir='ltr'><strong>Aufidia,</strong></span> <span class='ocrx_word' id='word_1_277' title='bbox 489 2877 589 2930; x_wconf 89' lang='lat' dir='ltr'><strong>contra</strong></span> <span class='ocrx_word' id='word_1_278' title='bbox 600 2867 671 2950; x_wconf 84' lang='lat' dir='ltr'><strong>dixit</strong></span> <span class='ocrx_word' id='word_1_279' title='bbox 686 2869 773 2938; x_wconf 89' lang='lat' dir='ltr'><strong>alter;</strong></span> <span class='ocrx_word' id='word_1_280' title='bbox 792 2877 822 2927; x_wconf 90' lang='lat' dir='ltr'><strong>et</strong></span> <span class='ocrx_word' id='word_1_281' title='bbox 834 2866 973 2928; x_wconf 89' lang='lat' dir='ltr'><strong>Pollionis</strong></span> <span class='ocrx_word' id='word_1_282' title='bbox 987 2874 1016 2925; x_wconf 92' lang='lat' dir='ltr'><strong>et</strong></span> <span class='ocrx_word' id='word_1_283' title='bbox 1027 2863 1120 2925; x_wconf 77' lang='lat' dir='ltr'><strong>Cassii</strong></span> 
     </span>
     <span class='ocr_line' id='line_1_33' title="bbox 112 2950 1163 3031; baseline -0.002 -21"><span class='ocrx_word' id='word_1_284' title='bbox 112 2969 167 3010; x_wconf 92' lang='lat' dir='ltr'><strong>reo</strong></span> <span class='ocrx_word' id='word_1_285' title='bbox 183 2950 348 3030; x_wconf 76' lang='lat' dir='ltr'><strong>Asprenate</strong></span> <span class='ocrx_word' id='word_1_286' title='bbox 368 2952 498 3031; x_wconf 88' lang='lat' dir='ltr'><strong>aliasque</strong></span> <span class='ocrx_word' id='word_1_287' title='bbox 513 2951 660 3030; x_wconf 89' lang='lat' dir='ltr'><strong>plurimas.</strong></span> <span class='ocrx_word' id='word_1_288' title='bbox 698 2952 772 3026; x_wconf 78' lang='lat' dir='ltr'><strong>Quin</strong></span> <span class='ocrx_word' id='word_1_289' title='bbox 788 2953 872 3012; x_wconf 89' lang='lat' dir='ltr'><strong>etiam</strong></span> <span class='ocrx_word' id='word_1_290' title='bbox 889 2953 914 3010; x_wconf 89' lang='lat' dir='ltr'><strong>si</strong></span> <span class='ocrx_word' id='word_1_291' title='bbox 926 2952 1017 3010; x_wconf 86' lang='lat' dir='ltr'><strong>miuus</strong></span> <span class='ocrx_word' id='word_1_292' title='bbox 1033 2953 1163 3026; x_wconf 66' lang='lat' dir='ltr'><strong>parasti</strong></span> 
     </span>
     <span class='ocr_line' id='line_1_34' title="bbox 111 3032 1120 3114; baseline -0.004 -20"><span class='ocrx_word' id='word_1_293' title='bbox 111 3032 302 3095; x_wconf 78' lang='lat' dir='ltr'><strong>ridebuntur:</strong></span> <span class='ocrx_word' id='word_1_294' title='bbox 321 3034 435 3114; x_wconf 86' lang='lat' dir='ltr'><strong>aliquae</strong></span> <span class='ocrx_word' id='word_1_295' title='bbox 454 3043 548 3096; x_wconf 88' lang='lat' dir='ltr'><strong>tamen</strong></span> <span class='ocrx_word' id='word_1_296' title='bbox 563 3034 599 3095; x_wconf 93' lang='lat' dir='ltr'><strong>ad</strong></span> <span class='ocrx_word' id='word_1_297' title='bbox 614 3035 849 3113; x_wconf 76' lang='lat' dir='ltr'><strong>cognoscendam</strong></span> <span class='ocrx_word' id='word_1_298' title='bbox 867 3034 957 3094; x_wconf 89' lang='lat' dir='ltr'><strong>litium</strong></span> <span class='ocrx_word' id='word_1_299' title='bbox 975 3033 1120 3110; x_wconf 90' lang='lat' dir='ltr'><strong>quaestio·</strong></span> 
     </span>
     <span class='ocr_line' id='line_1_35' title="bbox 111 3111 1120 3197; baseline -0.002 -21"><span class='ocrx_word' id='word_1_300' title='bbox 111 3135 180 3176; x_wconf 87' lang='lat' dir='ltr'><strong>uem</strong></span> <span class='ocrx_word' id='word_1_301' title='bbox 195 3125 277 3178; x_wconf 90' lang='lat' dir='ltr'><strong>recte</strong></span> <span class='ocrx_word' id='word_1_302' title='bbox 293 3120 486 3197; x_wconf 85' lang='lat' dir='ltr'><strong>requirentur,</strong></span> <span class='ocrx_word' id='word_1_303' title='bbox 502 3127 533 3178; x_wconf 93' lang='lat' dir='ltr'><strong>ut</strong></span> <span class='ocrx_word' id='word_1_304' title='bbox 550 3127 651 3179; x_wconf 90' lang='lat' dir='ltr'><strong>contra</strong></span> <span class='ocrx_word' id='word_1_305' title='bbox 663 3116 813 3178; x_wconf 85' lang='lat' dir='ltr'><strong>Ciceronis</strong></span> <span class='ocrx_word' id='word_1_306' title='bbox 829 3119 975 3179; x_wconf 90' lang='lat' dir='ltr'><strong>orationes</strong></span> <span class='ocrx_word' id='word_1_307' title='bbox 990 3111 1120 3176; x_wconf 81' lang='lat' dir='ltr'><strong>&#39;luberc-</strong></span> 
     </span>
     <span class='ocr_line' id='line_1_36' title="bbox 113 3197 1121 3281; baseline -0.003 -21"><span class='ocrx_word' id='word_1_308' title='bbox 113 3202 159 3260; x_wconf 87' lang='lat' dir='ltr'><strong>uis</strong></span> <span class='ocrx_word' id='word_1_309' title='bbox 177 3200 206 3260; x_wconf 89' lang='lat' dir='ltr'><strong>iu</strong></span> <span class='ocrx_word' id='word_1_310' title='bbox 221 3199 365 3279; x_wconf 78' lang='lat' dir='ltr'><strong>Ligarium</strong></span> <span class='ocrx_word' id='word_1_311' title='bbox 380 3209 410 3262; x_wconf 93' lang='lat' dir='ltr'><strong>et</strong></span> <span class='ocrx_word' id='word_1_312' title='bbox 424 3200 571 3262; x_wconf 89' lang='lat' dir='ltr'><strong>Hortensii</strong></span> <span class='ocrx_word' id='word_1_313' title='bbox 586 3217 640 3281; x_wconf 91' lang='lat' dir='ltr'><strong>pro</strong></span> <span class='ocrx_word' id='word_1_314' title='bbox 655 3201 760 3262; x_wconf 86' lang='lat' dir='ltr'><strong>Verre.</strong></span> <span class='ocrx_word' id='word_1_315' title='bbox 796 3200 871 3274; x_wconf 81' lang='lat' dir='ltr'><strong>Quin</strong></span> <span class='ocrx_word' id='word_1_316' title='bbox 887 3202 987 3277; x_wconf 90' lang='lat' dir='ltr'><strong>etiam,</strong></span> <span class='ocrx_word' id='word_1_317' title='bbox 1003 3197 1121 3259; x_wconf 90' lang='lat' dir='ltr'><strong>easdem</strong></span> 
     </span>
     <span class='ocr_line' id='line_1_37' title="bbox 114 3277 1121 3364; baseline -0.003 -20"><span class='ocrx_word' id='word_1_318' title='bbox 114 3301 220 3345; x_wconf 85' lang='lat' dir='ltr'><strong>causas</strong></span> <span class='ocrx_word' id='word_1_319' title='bbox 235 3293 266 3344; x_wconf 94' lang='lat' dir='ltr'><strong>ut</strong></span> <span class='ocrx_word' id='word_1_320' title='bbox 283 3286 407 3364; x_wconf 89' lang='lat' dir='ltr'><strong>quisque</strong></span> <span class='ocrx_word' id='word_1_321' title='bbox 422 3286 531 3363; x_wconf 81' lang='lat' dir='ltr'><strong>egerit,</strong></span> <span class='ocrx_word' id='word_1_322' title='bbox 552 3284 624 3345; x_wconf 85' lang='lat' dir='ltr'><strong>utile</strong></span> <span class='ocrx_word' id='word_1_323' title='bbox 636 3287 690 3345; x_wconf 89' lang='lat' dir='ltr'><strong>erit</strong></span> <span class='ocrx_word' id='word_1_324' title='bbox 708 3286 794 3345; x_wconf 86' lang='lat' dir='ltr'><strong>scire.</strong></span> <span class='ocrx_word' id='word_1_325' title='bbox 830 3281 903 3344; x_wconf 89' lang='lat' dir='ltr'><strong>Nam</strong></span> <span class='ocrx_word' id='word_1_326' title='bbox 922 3283 1057 3345; x_wconf 85' lang='lat' dir='ltr'><strong>dedomo</strong></span> <span class='ocrx_word' id='word_1_327' title='bbox 1075 3277 1121 3342; x_wconf 80' lang='lat' dir='ltr'><strong>(li-</strong></span> 
     </span>
     <span class='ocr_line' id='line_1_38' title="bbox 113 3365 1120 3448; baseline -0.002 -20"><span class='ocrx_word' id='word_1_328' title='bbox 113 3366 233 3428; x_wconf 87' lang='lat' dir='ltr'><strong>cerouis</strong></span> <span class='ocrx_word' id='word_1_329' title='bbox 251 3366 322 3428; x_wconf 87' lang='lat' dir='ltr'><strong>dixit</strong></span> <span class='ocrx_word' id='word_1_330' title='bbox 337 3366 481 3448; x_wconf 81' lang='lat' dir='ltr'><strong>calidius,</strong></span> <span class='ocrx_word' id='word_1_331' title='bbox 504 3377 533 3430; x_wconf 93' lang='lat' dir='ltr'><strong>et</strong></span> <span class='ocrx_word' id='word_1_332' title='bbox 547 3385 601 3446; x_wconf 92' lang='lat' dir='ltr'><strong>pro</strong></span> <span class='ocrx_word' id='word_1_333' title='bbox 616 3366 725 3428; x_wconf 85' lang='lat' dir='ltr'><strong>lliloue</strong></span> <span class='ocrx_word' id='word_1_334' title='bbox 742 3368 902 3428; x_wconf 87' lang='lat' dir='ltr'><strong>orationem</strong></span> <span class='ocrx_word' id='word_1_335' title='bbox 918 3365 1021 3427; x_wconf 90' lang='lat' dir='ltr'><strong>Brutus</strong></span> <span class='ocrx_word' id='word_1_336' title='bbox 1038 3383 1120 3426; x_wconf 87' lang='lat' dir='ltr'><strong>exer·</strong></span> 
     </span>
     <span class='ocr_line' id='line_1_39' title="bbox 113 3447 1121 3532; baseline -0.002 -22"><span class='ocrx_word' id='word_1_337' title='bbox 113 3449 372 3529; x_wconf 32' lang='lat' dir='ltr'><strong>citationis-gratia</strong></span> <span class='ocrx_word' id='word_1_338' title='bbox 388 3453 516 3530; x_wconf 86' lang='lat' dir='ltr'><strong>scripsit,</strong></span> <span class='ocrx_word' id='word_1_339' title='bbox 536 3452 647 3513; x_wconf 89' lang='lat' dir='ltr'><strong>etiamsi</strong></span> <span class='ocrx_word' id='word_1_340' title='bbox 660 3453 758 3530; x_wconf 76' lang='lat' dir='ltr'><strong>egisse</strong></span> <span class='ocrx_word' id='word_1_341' title='bbox 773 3469 838 3512; x_wconf 87' lang='lat' dir='ltr'><strong>euru</strong></span> <span class='ocrx_word' id='word_1_342' title='bbox 851 3447 1004 3511; x_wconf 79' lang='lat' dir='ltr'><strong>cornelius</strong></span> <span class='ocrx_word' id='word_1_343' title='bbox 1015 3447 1121 3532; x_wconf 84' lang='lat' dir='ltr'><strong>(lelsqs</strong></span> 
     </span>
    </p>
   </div>
   <div class='ocr_carea' id='block_1_9' title="bbox 0 0 1253 3952">
    <p class='ocr_par' dir='ltr' id='par_1_9' title="bbox 0 0 1253 3952">
     <span class='ocr_line' id='line_1_40' title="bbox 0 0 1253 3952; baseline 0 0"><span class='ocrx_word' id='word_1_344' title='bbox 0 0 1253 3952; x_wconf 95' lang='lat' dir='ltr'><strong> </strong></span> 
     </span>
    </p>
   </div>
  </div>
 </body>
</html>
