2494 3952
391 173 818 245 rusr.oasroa.u1r.rr,7.
1036 166 1094 227 183

82 331 267 396 difficultas?
300 332 427 393 Periisse
456 333 591 411 profecto
618 333 810 393 confitendum
842 341 887 392 est
908 332 1095 412 praeteritum

79 419 237 494 laborem,
262 419 307 476 oui
330 433 446 494 semper
460 415 537 476 idem
553 416 740 477 laborandum
758 424 812 476 est.
843 415 947 494 Neque
965 433 1022 494 ego
1038 415 1097 478 lroo

85 520 159 580 ago,
176 511 207 561 ut
223 519 260 561 ex
277 509 410 579 tempore
426 500 526 560 dicere
539 501 618 560 malit
634 502 686 562 sed
701 510 732 561 ut
744 501 848 581 possit.
880 500 912 561 ld
928 510 1023 560 autem
1037 512 1103 562 ma·

8 631 10 636 ,
86 590 168 646 xime
184 585 242 647 hoc
257 583 345 644 modo
362 601 584 662 consequemur.

173 708 249 771 Nota
264 711 301 769 sit
323 710 443 789 primurn
458 702 572 771 dicendi
589 712 646 771 via.
682 707 786 788 Neque
800 712 875 771 enim
891 713 970 789 prius
986 712 1127 774 contin-o

82 813 161 874 gere
181 812 282 854 cursus
296 802 394 872 potest
406 811 490 873 quarn
502 796 665 870 scierimus,
683 812 741 873 quo
757 796 793 854 sit
809 804 838 854 et
853 812 908 874 qua
925 797 1097 874 pervenien-

85 881 164 940 dum.
193 875 219 937 N
222 896 257 937 ec
278 879 348 936 satis
361 887 406 936 est
421 894 478 936 non
491 878 628 955 ignorare
644 896 719 957 quae
735 887 801 938 sunt
817 896 967 938 causarum
979 877 1097 938 iudicia·

84 963 157 1022 lium
174 971 283 1040 partes,
301 970 349 1022 aut
365 964 566 1040 quaestionum
582 963 711 1023 ordinem
727 972 810 1023 recte
824 963 992 1042 disponere,
1009 972 1098 1041 quan·

8 1111 9 1116 γ
85 1063 173 1124 quam
191 1047 245 1105 ista
260 1047 317 1104 sint
332 1047 504 1124 praecipua;
533 1046 585 1106 sed
607 1047 674 1125 quid
696 1063 813 1126 quoque
837 1047 903 1106 loco
925 1049 1045 1126 primum
1061 1048 1099 1106 sit

84 1148 123 1190 ao
139 1130 297 1190 secundum
313 1137 341 1188 et
357 1129 510 1207 deinceps;
535 1148 610 1209 quae
631 1132 670 1190 ita
694 1139 759 1189 sunt
774 1139 874 1191 natura
892 1131 1044 1209 copulata,
1067 1123 1115 1190 ut'

85 1215 191 1272 rnutari
207 1223 255 1272 aut
272 1212 418 1273 intervelli
440 1210 502 1272 sine
528 1214 699 1274 confusione
726 1215 928 1294 nonpossint.
960 1213 1129 1292 Quisquisfi

85 1306 183 1358 autern
202 1298 249 1357 via
265 1296 358 1372 dicet,
383 1297 504 1357 ducetur
519 1306 585 1357 ante
601 1300 695 1358 omnia
715 1315 811 1357 rerum
832 1299 895 1376 ipsa
919 1299 996 1357 serie
1017 1297 1099 1357 velut

86 1381 179 1448 duce;
197 1389 319 1460 propter
334 1380 411 1460 quod
423 1379 554 1442 homines
571 1383 655 1442 etiam
665 1380 779 1442 modice
792 1382 944 1442 exercitati
959 1381 1097 1456 facillime

8 1529 9 1532 ,
85 1475 221 1526 tenorem
236 1467 264 1524 in
280 1465 491 1527 narrationibus
508 1475 634 1526 servant.
670 1465 795 1541 Deinde,
813 1465 880 1544 quid
896 1464 1013 1545 quoque
1029 1463 1097 1525 loco

88 1558 247 1628 quaerant,
270 1551 379 1624 scient,
401 1568 457 1608 neo
474 1549 757 1628 circumspectabunt
779 1568 834 1610 uec
854 1549 1043 1612 offerentibus
1065 1567 1099 1608 se

9 1643 10 1646 ’
87 1631 205 1694 aliunde
223 1632 357 1692 sensibus
376 1633 565 1694 turbabuntur
580 1653 635 1694 uec
649 1634 826 1694 confundent
844 1651 881 1692 ex
892 1633 1016 1694 diversis
1034 1651 1098 1693 ora·

86 1719 197 1777 tionem
225 1715 306 1776 velut
334 1717 473 1777 salientes
499 1717 556 1777 huo
582 1717 653 1777 illuc
680 1735 737 1778 nec
768 1734 888 1795 usquam
918 1718 1097 1777 insistentes.

86 1801 240 1862 Postremo
256 1799 403 1861 habebunt
418 1801 532 1862 modum
551 1809 580 1860 ct
598 1801 698 1876 finem,
723 1802 771 1879 qui
793 1819 861 1860 esse
885 1801 956 1860 oitra
980 1800 1128 1866 divisio-7

86 1903 155 1944 nem
174 1883 270 1944 nullus
300 1893 407 1964 potest.
452 1883 586 1963 Expletis
616 1901 670 1962 pro
691 1883 830 1943 facultate
847 1883 999 1960 omnibus,
1022 1901 1098 1963 quae

87 1970 306 2048 proposuerint,
325 1969 497 2048 pervenisse
511 1987 544 2028 se
559 1969 595 2028 ad
610 1968 737 2028 ultimum
754 1969 888 2028 sentient.

175 2093 211 2153 ldt
225 2094 299 2155 liaeo
314 2094 428 2174 quidem
445 2112 482 2154 ex
498 2103 578 2169 arte,
594 2094 644 2154 illa
660 2111 732 2153 vero
750 2111 787 2153 ex
804 2093 914 2153 studio:
938 2101 968 2152 ut
985 2093 1098 2170 copiam

87 2179 232 2238 sermonis
242 2180 352 2257 optimi,
367 2178 604 2257 quemadmodum
615 2185 1097 2257 praeceptumest,comparemus;

8 2333 9 2338 γ
86 2260 179 2321 murlto
196 2279 230 2321 ac
246 2262 324 2323 fideli
339 2262 406 2322 stilo
423 2263 466 2322 sic
482 2262 623 2321 formetur
640 2263 751 2337 oratio,
773 2269 804 2320 ut
822 2261 997 2339 scriptorum
1016 2259 1099 2319 eclo-

8 2343 9 2348 ’
88 2363 153 2406 rem
175 2346 259 2405 etiam
284 2364 358 2425 quae
381 2346 476 2406 subito
499 2345 590 2406 effusa
613 2348 669 2405 sint
689 2345 827 2414 rcddaut3
856 2353 901 2418 ut,
925 2361 989 2404 curn
1010 2341 1100 2403 multa

8 2473 9 2506 ι
88 2430 306 2507 scripserimus,
323 2431 408 2489 etiarn
423 2430 512 2490 multa
527 2431 664 2491 dicamus.
689 2428 761 2490 Nam
775 2427 956 2488 consuetudo
969 2435 999 2487 et
1014 2445 1097 2487 exer·
1110 2435 1133 2490 8-

90 2514 190 2574 oitatio
208 2513 377 2575 facilitatem
393 2515 515 2574 maxime
533 2515 623 2592 parit;
646 2531 721 2592 quae
736 2515 760 2572 si
775 2511 927 2592 paululum
937 2513 1100 2571 intermissa

89 2597 196 2657 fuerit:
213 2614 271 2658 non
284 2597 427 2658 velocitas
442 2598 492 2658 illa
507 2596 594 2658 modo
609 2597 747 2672 tardatur,
764 2597 817 2657 sed
828 2597 922 2676 ipsum
934 2611 968 2654 os
983 2611 1101 2674 quoque

91 2683 248 2740 concurrit.
283 2681 452 2760 Quanquam
467 2683 541 2742 enim
556 2699 631 2759 opus
649 2691 694 2740 cst
709 2679 833 2741 naturali
850 2678 971 2758 quadam
987 2677 1101 2738 mobili·

90 2774 152 2824 tate
168 2765 261 2841 animi,
277 2774 319 2842 ut,
341 2766 406 2826 dum
420 2767 552 2844 proxima
568 2765 703 2841 dicimus,
722 2773 836 2824 struere
851 2762 990 2822 ulteriora
1007 2763 1101 2840 possi·

89 2866 165 2923 mus,
184 2866 358 2929 semperque
374 2858 501 2909 nostram
516 2866 621 2910 vocem
636 2849 753 2927 provisa
773 2857 803 2908 et
823 2848 945 2908 formata
961 2847 1100 2924 cogitatio
1116 2851 1130 2876 ³

77 2933 236 3009 -excipiatz
253 2935 302 2992 vix
315 2942 410 2993 tamen
425 2942 474 2993 aut
488 2943 589 2994 natura
605 2942 653 2994 aut
670 2933 744 2992 ratio
759 2933 788 2991 in
803 2940 860 2991 tarn
872 2930 1025 3009 multiplex
1038 2929 1133 2992 oid-9

93 3017 169 3075 oium
184 3016 321 3076 diducere
338 3018 459 3078 animum
476 3025 575 3096 queat,
591 3026 621 3077 ut
639 3014 807 3092 inventioni,
826 3016 1021 3094 dispositioni,
1038 3013 1101 3073 elo·

93 3100 214 3175 cationi,
233 3101 325 3161 ordini
340 3117 436 3160 rerum
449 3100 674 3180 verborumque,
690 3109 749 3160 turn
764 3101 816 3175 iis,
833 3116 908 3178 quae
924 3099 1007 3174 dicit,
1026 3114 1102 3175 quae
1152 3139 1155 3146 ι

91 3183 299 3243 subiuncturus
314 3194 375 3261 est,
401 3201 476 3262 quae
496 3185 571 3245 ultra
593 3184 751 3262 spectanda
766 3191 848 3260 suut,
864 3181 991 3243 adhibita
1005 3181 1101 3256 vocis,

92 3269 352 3346 pronuntiationis,
375 3278 476 3345 gestus
498 3267 722 3345 observatione,
745 3284 801 3328 una
824 3266 958 3326 sufficiat.
1002 3264 1147 3341 longelo

92 3351 171 3410 enirn
190 3352 348 3430 praecedat
372 3361 489 3431 oportet
510 3353 630 3413 intentio
657 3369 693 3414 ac
707 3370 778 3431 prae
796 3369 829 3412 sc
842 3367 893 3410 res
908 3357 992 3426 agat,
1013 3365 1102 3427 quan·

94 3446 214 3514 tumque
228 3436 352 3497 dicendo
369 3439 554 3515 eonsumitur,
569 3430 731 3498 tantumex
741 3436 841 3496 ultimo
852 3441 1042 3514 prorogetum
1056 3439 1101 3509 ut,
