2508 3958
331 195 420 242 rnsn.
445 195 593 243 onnuon.
615 198 685 244 uns.
699 199 730 263 v,
747 197 794 248 11.
1004 189 1064 250 223

78 349 177 410 adiutus
197 349 281 408 armis
307 349 485 424 tyrannidem
506 360 646 428 occupet,
679 351 737 412 hoc
757 354 867 414 referat
889 356 1064 432 exemplum,

16 458 21 504 r
76 433 167 492 eadem
183 433 292 491 ratione
308 431 486 493 Pisistratum
501 434 536 492 ad
551 434 771 495 dominationem
787 439 968 514 pervenisse.

151 515 207 576 Sed
226 525 257 575 ut
277 525 342 574 sunt
363 516 495 594 exempla
520 519 632 576 interim
652 526 712 577 tota
727 521 829 580 similia
845 531 876 580 ut
891 520 948 580 lroo
966 523 1062 600 proxi·
1052 531 1088 584 ·9

69 617 154 658 mum:
177 601 219 659 sic
239 600 351 658 interim
373 617 409 664 ex
429 599 585 659 maioribus
604 601 640 661 ad
654 602 780 677 minora,
803 621 840 662 ex
854 604 1012 663 minoribus
1028 605 1064 665 ad

69 684 171 741 maiora
186 681 334 741 ducuntur
384 680 481 745 Urbes
495 685 609 744 uiolato
624 692 755 762 propter
769 688 961 748 matrimonio
977 706 1063 749 coer-

68 783 120 826 see
135 773 224 834 sent,·
250 767 326 843 qnid
339 765 409 844 fleri
425 767 567 828 adultere
578 785 642 845 pac
661 770 728 828 est?
751 766 918 846 Tibicines,
939 790 1007 831 eum
1024 771 1064 831 ud

16 859 17 892 ³
67 850 141 910 orde
162 850 391 926 discessissent,
413 849 537 928 publice
559 853 695 912 reuocati
715 860 804 923 sunt;
834 861 947 931 quante
967 856 1065 932 meeis

65 935 219 1011 principes
244 934 376 994 ciuitatis
393 935 453 994 oiri
470 942 499 994 et
518 934 593 994 dene
613 936 651 995 cie
672 937 833 1015 republica
854 938 970 1008 meriti,
998 956 1065 997 eune

66 1019 198 1078 incidiae
214 1018 379 1091 cesserint,
401 1018 441 1077 ob
457 1019 548 1078 exilio
563 1020 756 1080 reducendi?
777 1018 824 1077 lld
835 1019 1065 1080 exhortationem
1073 1034 1107 1084 10

65 1117 132 1158 nero
153 1102 312 1179 praecipue
330 1100 427 1159 valent
447 1101 576 1178 imparia.
619 1099 803 1162 laudabilior
818 1106 847 1162 in
862 1103 966 1163 femina
981 1121 1065 1182 quam

64 1184 172 1243 inviro
195 1185 296 1243 virtus.
343 1182 456 1258 Quare,
486 1185 510 1242 si
532 1183 566 1243 ad
583 1184 696 1243 fortiter
714 1185 875 1246 iaciendum
891 1186 1065 1246 accendatur

65 1266 181 1344 aliquis,
211 1283 270 1326 non
292 1275 399 1326 tanturn
416 1266 538 1325 alienent
553 1269 690 1326 momenti
705 1268 840 1328 Horatius
857 1279 885 1328 et
901 1269 1064 1347 Torquatus

16 1347 18 1416 l
65 1360 195 1430 quantum
209 1351 261 1411 illa
276 1349 395 1423 mulier,
426 1351 506 1409 cuius
521 1367 604 1408 manu
621 1349 747 1426 Pyrrhus
764 1361 809 1411 est
824 1353 1008 1419 interfectum
1036 1360 1066 1410 et

16 1427 17 1462 ³
62 1434 97 1493 ad
119 1433 296 1494 moriendum
316 1443 445 1492 nontam
461 1431 534 1493 Cato
554 1433 699 1512 etSeipio
716 1453 799 1512 quam
813 1434 963 1502 Lucretia;
988 1435 1064 1512 quod
1203 1493 1204 1500 ,

61 1519 152 1594 ipsum
178 1526 224 1578 est
252 1535 289 1576 ex
314 1516 469 1576 maioribus
497 1518 531 1576 ad
555 1519 674 1578 minora.
720 1519 840 1596 Singula
860 1521 947 1596 igitur
963 1518 1065 1577 horum
1073 1533 1106 1584 11

61 1619 196 1676 generum
212 1619 252 1661 ex
268 1598 412 1660 Cicerone
425 1600 504 1678 (uam
519 1601 595 1659 unde
611 1603 706 1680 potins
714 1600 744 1681 i)
764 1603 905 1701 exempla
913 1619 1062 1681 ponamus.
1107 1618 1108 1621 ’

62 1685 158 1744 Simile
180 1695 224 1745 est
248 1684 305 1743 hoo
326 1701 379 1762 pro
405 1682 538 1758 Murena,
568 1681 688 1745 Etenim
708 1687 861 1764 mihiipsi
878 1687 1011 1761 occidit,
1033 1693 1067 1744 nt

62 1787 129 1828 cum
144 1770 266 1830 duobus
277 1768 436 1865 patriciis,
457 1769 554 1828 altero
565 1768 787 1846 improbissimo
798 1771 897 1830 altero
906 1770 1064 1832 modestis-

16 1905 17 1910 ,
61 1853 135 1912 simo
155 1860 250 1930 atque
271 1853 380 1929 optimo
400 1853 484 1926 otro,
505 1859 659 1928 petenen·
680 1851 826 1930 superesi
846 1861 946 1912 tomen
965 1854 1065 1930 diuni-

16 1942 122 1994 tete
138 1933 315 2010 Catilinam,
329 1936 434 2012 oratio
444 1934 583 1995 Galbam.
628 1933 720 1994 llaius
731 1935 866 2034 minoris,
882 1952 937 2012 pro
947 1933 1064 2008 Milone,
1073 1948 1106 2000 12

16 2007 195 2096 Neqnnt,
217 2021 334 2080 intueri
352 2021 449 2080 lucem
472 2037 539 2078 esse
555 2018 609 2096 sus
627 2019 670 2093 ei,
692 2021 744 2096 qni
761 2037 781 2079 n
796 2037 830 2078 se
848 2019 994 2079 leominem
1012 2036 1064 2079 oc·
1163 2015 1164 2018 ’

62 2103 155 2162 cisum
177 2122 247 2164 esse
271 2102 419 2179 fatentur.
467 2099 505 2162 ln
526 2117 588 2178 qun
612 2104 734 2164 tandem
756 2104 833 2163 arbe
855 2102 911 2163 ltoc
933 2103 1067 2163 domines
1114 2144 1116 2148 .
1162 2115 1173 2186 J
1192 2123 1208 2168 γ

60 2186 224 2248 stultissimi
240 2187 424 2264 disputent?
444 2204 551 2263 nempe
563 2187 595 2245 in
612 2202 666 2262 en,
686 2202 765 2265 quoe
773 2188 914 2284 primurn·
917 2186 1066 2245 indicium

63 2271 220 2348 decapite
243 2271 321 2332 cidit
344 2266 386 2329 dl.
409 2267 545 2344 Horatii,
570 2269 829 2346 laressemensi,
861 2270 914 2346 qni
934 2269 1066 2329 nonduin

63 2351 155 2415 libero
174 2356 302 2416 ciuitate
324 2361 423 2414 tumen
436 2355 543 2431 populi
557 2353 687 2414 Romani
703 2355 831 2414 comitiis
845 2353 995 2413 liberatus
1010 2358 1065 2424 est,

16 2471 17 2514 3
64 2455 126 2496 mern
141 2457 201 2500 sue
219 2457 315 2498 manu
329 2455 464 2498 sororem
482 2456 547 2498 esse
561 2436 753 2515 interfectum
767 2437 928 2516 fateretur.
973 2433 1064 2493 Minus

16 2555 18 2574 t
63 2521 190 2582 maioris:
225 2520 354 2596 Occidi,
381 2539 441 2581 non
461 2519 606 2599 Spurium
630 2518 790 2594 Maelium,
818 2522 870 2598 qui
884 2537 1007 2581 annone
1022 2519 1065 2578 le-

16 2665 17 2668 ,
63 2607 163 2666 eundo
178 2606 374 2682 iacturisque
389 2607 436 2665 rei
448 2605 630 2682 familiaris,
654 2607 727 2681 quin
740 2606 831 2665 nimis
846 2603 988 2681 amplecti
999 2602 1065 2678 pte-

65 2686 126 2746 bern
141 2691 325 2764 videbatur,
343 2689 376 2748 in
387 2689 589 2766 suspicionem
600 2688 708 2748 incidit
718 2689 805 2766 renni
815 2685 992 2769 affectandi,
1008 2692 1064 2742 eto.

65 2770 179 2847 deinde,
203 2773 272 2833 Sed
290 2791 357 2832 enm
373 2773 515 2852 (cuderet
527 2773 605 2831 enirn
617 2772 736 2845 dicere,
759 2790 827 2831 cum
836 2770 972 2848 patriam
981 2769 1066 2847 peri-

64 2855 129 2913 culo
153 2855 338 2954 liberasset)
356 2857 444 2916 coins
467 2855 635 2932 nefandum
663 2854 902 2916 adulteriumne
923 2853 1066 2929 puluina-

66 2938 163 3016 ridns,
187 2949 218 2999 et
234 2941 338 2998 totus
330 2957 358 2998 m
370 2936 503 2998 Clodium
515 2938 608 2997 locus
639 2937 834 2997 Dissimile
852 2936 951 3015 plures
965 2951 1067 2994 causas
1075 2952 1109 3005 13
1184 2947 1186 2950 ·
1211 2927 1230 3012 ‘33

66 3015 159 3096 habet,
177 3023 208 3083 llt
220 3023 297 3082 enim
310 3040 436 3100 genere,
454 3023 551 3096 modo,
570 3030 719 3098 tempore,
740 3022 807 3081 loco
820 3021 996 3097 ceterisque,
1014 3037 1067 3096 per
1214 3017 1216 3022 ’

68 3118 137 3179 qnae
159 3106 224 3168 iere
242 3109 337 3167 omnia
355 3103 460 3166 Cicero
478 3105 671 3184 praeiudicia,
696 3122 770 3182 quae
786 3105 821 3164 de
838 3102 972 3164 Cluentio
988 3101 1066 3160 vide

67 3183 166 3248 bantur
177 3192 275 3265 laeta
292 3190 446 3258 subvertit;
466 3189 657 3248 contrario
673 3205 745 3247 vero
758 3187 893 3265 exemplo
907 3201 1068 3246 censoriam
1199 3245 1235 3272 ff·

69 3279 160 3332 notam
183 3274 327 3335 laudando
348 3289 502 3333 censorem
516 3271 698 3347 Africanum,
722 3274 770 3349 qni
786 3290 865 3345 enm,
889 3287 973 3347 quem
988 3268 1067 3344 peie·
1183 3275 1238 3320 ii

71 3369 147 3414 rasse
164 3359 318 3434 oonroeptis
331 3356 429 3424 verbis
442 3356 537 3434 palam
549 3355 684 3430 dixisset,
704 3356 896 3414 testimonium
907 3352 992 3410 etiam
1005 3348 1068 3426 pol·
1181 3339 1238 3438 gii}

72 3431 179 3515 licitus,
209 3441 235 3498 si
259 3443 321 3518 quis
345 3449 444 3499 eontra
465 3439 591 3513 diceret,
619 3437 698 3497 nullo
719 3445 889 3511 accusante,
916 3433 1068 3493 traducere
1199 3427 1238 3454 ‘
