2446 3962
310 192 400 241 ruso.
415 191 563 241 caruca.
576 192 645 240 uss.
658 193 714 259 111,
726 191 752 242 5.
970 181 1029 242 115

20 355 22 446 p
61 355 110 409 stes
119 354 292 409 commutor:
308 345 410 421 thesis,
422 343 471 406 Aa
484 343 607 408 Orestes
617 355 701 409 recte
711 348 751 410 sit
761 348 935 416 mactatast
949 349 1030 410 cuius

20 447 21 450 ¹
60 431 157 506 generis
172 439 230 505 cst,
250 427 300 492 An
318 426 394 491 Coto
410 438 494 490 recte
508 427 662 493 Marcium
676 429 837 497 Hortensio
855 434 1029 494 tradiderit.

60 513 87 572 lli
100 513 184 573 thesin
197 532 214 575 a
231 529 318 575 causa
333 515 376 573 sic
392 512 633 590 distinguunt,ut
648 513 699 574 illa
717 517 754 576 sit
769 517 949 594 spectativae
965 534 1030 594 par·

60 598 102 672 tis,
115 597 182 658 haee
197 598 323 664 activam
341 595 401 656 illic
417 596 491 656 enim
503 597 633 657 veritatis
649 606 757 657 tantum
771 601 864 676 gratia
880 600 1030 678 disputari,

60 678 96 738 bic
108 683 245 758 negotium
260 681 317 758 agi.

128 763 290 844 Quanquam
313 762 429 823 inutiles
458 764 571 841 quidam
594 769 702 826 oratori
723 775 823 845 putant
849 763 1030 825 universales
1040 779 1074 831 12

60 849 241 924 quaestiones,
257 847 336 926 ‚quia
361 844 431 906 nihil
459 850 569 925 prosit,
599 850 677 928 quod
700 858 829 926 constet,
858 850 1033 912 ducendam

60 946 112 991 esse
134 951 255 994 oaorem
276 931 326 992 vel
351 931 631 995 administrandam
652 934 888 1013 rempublicam,
917 933 942 992 si
968 933 1032 1010 quis

59 1013 96 1072 rel
108 1024 195 1078 aetate
209 1015 259 1076 vel
273 1013 437 1075 ualetudine
452 1015 632 1094 impediatur.
664 1017 723 1078 Sed
737 1035 795 1077 nou
810 1015 940 1078 omnibus
957 1017 1031 1075 eius·

58 1097 119 1158 nobi
133 1097 345 1178 quaestionibus
364 1099 407 1158 sic
422 1102 537 1160 occurri
553 1109 669 1179 potest,
691 1111 722 1163 ut
742 1101 817 1176 illis,
836 1103 914 1162 sitae
935 1101 1033 1160 virtue

56 1179 131 1255 duis?
150 1192 317 1264 repetatne
333 1184 531 1260 procidentia
549 1187 705 1247 muudus?
733 1183 810 1257 Quin
833 1185 918 1242 etiam
933 1184 962 1242 in
976 1182 1075 1258 his,13

58 1279 118 1340 quae
135 1267 168 1326 ad
190 1283 346 1346 personam
367 1266 548 1344 referuntur,
575 1277 607 1328 ut
624 1284 683 1327 nou
704 1276 749 1328 est
771 1270 841 1328 satis
865 1266 1034 1344 generalem

57 1354 179 1410 tractasse
206 1350 422 1430 quaestionem,
451 1351 490 1410 ita
515 1351 661 1428 perueniri
687 1351 723 1412 ad
748 1352 878 1430 speciem
904 1351 958 1410 nisi
983 1349 1033 1410 illa

57 1433 120 1506 prius
140 1451 263 1494 excussa
283 1449 342 1494 non
364 1441 471 1512 potest.
516 1432 589 1495 Nam
612 1435 775 1515 quommo,
801 1432 851 1498 Aa
871 1435 932 1498 sibi
952 1452 1034 1495 ocor

57 1514 179 1580 duceudo
193 1520 251 1593 sit,
267 1515 440 1578 deliberabit
458 1514 545 1594 Cato,
564 1520 619 1578 nisi
637 1520 814 1594 constiterit,
834 1536 949 1580 amores
967 1536 1034 1578 csse

57 1599 219 1664 duceudos?
264 1599 301 1660 Et
327 1601 490 1679 mornado,
517 1602 570 1663 Au
595 1603 711 1666 docem
738 1603 846 1665 debeat
867 1599 1034 1678 Marciam,

59 1694 207 1762 quaeretur,
226 1685 283 1752 nisi
299 1681 408 1746 autaut
427 1687 572 1746 ducenda
590 1705 671 1748 acor·
692 1689 758 1747 est?
787 1687 860 1747 Sunt
881 1694 977 1746 tamen
992 1686 1032 1743 in·
1042 1689 1077 1742 14

59 1766 138 1845 scripti
158 1772 276 1830 nomine
291 1766 488 1846 Hermagorae
512 1767 592 1845 libri,
618 1772 666 1848 qui
684 1770 852 1830 confirmant
871 1768 948 1828 illam
971 1769 1032 1847 opi·

57 1847 165 1928 aionem,
193 1855 259 1914 sive
284 1850 375 1912 falsus
400 1861 447 1911 est
469 1851 567 1911 titulus
591 1854 653 1912 sive
677 1853 751 1914 alius
773 1852 820 1911 hic
838 1850 1034 1927 Hermagoras

54 1927 102 1990 totu.
136 1935 207 1998 Nam
226 1936 357 1996 eiusdem
372 1953 440 1996 esee
456 1935 602 2014 quomodo
620 1944 758 2014 possunt,
783 1937 831 2014 qui
849 1934 884 1994 de
902 1934 957 1995 hac
973 1943 1034 1994 arte

53 2016 204 2081 mirabiliter
223 2019 314 2080 multa
339 2021 518 2098 composuit,
541 2037 622 2096 oum,
642 2021 717 2080 sicut
738 2037 776 2079 ex
796 2015 947 2080 Ciceronis
964 2035 1034 2096 quo·

54 2114 99 2176 qne
112 2102 258 2164 rhetorico
274 2104 368 2180 primo
385 2103 567 2163 manifestum
582 2113 643 2182 est,
663 2105 812 2164 materiam
827 2102 990 2162 rhetorices
1007 2103 1035 2161 iu

51 2181 127 2246 thesis
152 2197 181 2248 et
203 2203 309 2248 causas
335 2182 493 2246 diviserit?
529 2185 615 2261 Quod
638 2185 826 2266 reprehendit
848 2183 971 2260 Cicero,
1001 2201 1035 2242 ac

52 2264 131 2328 thesin
152 2270 222 2332 nihil
244 2269 448 2335 adoratorem
470 2271 617 2348 pertinere
642 2269 790 2331 contendit
812 2277 961 2345 totumque
978 2266 1036 2325 hoc

51 2366 129 2424 genus
147 2354 328 2433 quaestionis
344 2352 380 2414 ad
400 2351 592 2432 philosophos
613 2354 714 2414 refert.
756 2352 816 2413 Sed
836 2369 883 2412 me
902 2347 1035 2411 liberarit
1044 2355 1077 2410 15

51 2437 232 2512 respondendi
246 2435 447 2518 ¹verecundia,
470 2445 500 2496 et
515 2437 592 2514 quod
613 2437 678 2516 ipse
697 2437 751 2498 hos
767 2433 859 2496 libros
881 2434 1035 2514 improbat,

51 2524 74 2574 et
86 2520 158 2596 quod
178 2524 210 2582 in
234 2529 353 2581 oratore
374 2529 460 2600 atquc
480 2519 544 2596 his,
569 2536 642 2599 quos
658 2521 695 2583 de
717 2528 835 2580 oratore
850 2519 983 2597 scripsit,
1007 2526 1036 2577 et

52 2597 153 2680 lupicis
175 2606 338 2685 praecipit,
358 2613 389 2664 ut
410 2605 568 2683 apropriis
590 2605 724 2684 personis
747 2613 834 2682 atquc
856 2599 1035 2680 temporibus

20 2753 21 2768 χ
52 2698 191 2748 avocemus
216 2689 458 2749 controversiam:
483 2689 557 2766 quia
574 2689 668 2750 latius
685 2690 791 2750 dicere
812 2687 905 2748 liceat
926 2685 964 2746 de
981 2705 1035 2764 pe-

20 2769 24 2922 ,
50 2785 111 2831 uere
127 2789 220 2850 quam
235 2773 275 2836 de
289 2773 409 2852 specie,
431 2779 477 2847 et,
502 2771 584 2850 qood
599 2773 632 2832 iu
647 2773 789 2834 uniuerso
800 2769 965 2848 probatam
984 2769 1035 2845 eit,

50 2851 75 2912 t't
92 2864 179 2932 porte
197 2857 363 2936 probatam
387 2874 454 2917 esse
473 2872 601 2917 necesse
617 2856 665 2920 sit.
700 2856 797 2916 Status
821 2861 915 2914 autem
934 2853 963 2911 in
978 2851 1036 2911 hoc
1046 2855 1079 2910 16
1152 2891 1156 2898 -

20 2923 24 3038 ἱ
51 2949 123 2999 omne
136 2959 231 3019 genus
247 2941 385 3002 materiae
401 2939 504 3014 iidem,
525 2939 573 3016 qui
590 2939 619 2997 in
634 2956 754 3014 causas,
781 2937 895 2996 cadunt.
932 2935 1036 2996 Adhuc

20 3039 22 3080 t
51 3018 184 3100 adiicitur,
208 3023 281 3085 alias
299 3041 366 3084 esse
384 3024 570 3101 quaestiones
584 3022 613 3081 in
634 3022 722 3084 rebus
743 3020 832 3099 ipsis,
848 3019 936 3096 alias,
961 3037 1036 3097 quae

20 3097 23 3180 t
50 3101 78 3161 td
94 3104 196 3186 ‘liquid
212 3107 391 3169 referantur:
414 3106 503 3183 illud,
522 3102 572 3166 Aa
592 3123 672 3168 maor
694 3103 862 3166 ducenda?
891 3101 964 3178 hoo,
987 3098 1036 3162 Aa

20 3201 76 3304 με
104 3192 299 3334 1ιίιιοιιιιίιιὲ
328 3187 418 3270 illud,
448 3187 497 3251 An
521 3189 634 3268 sortis?
665 3190 738 3264 hoc,
769 3184 818 3248 Aa
843 3187 974 3265 furder?
1006 3193 1035 3243 et

20 3325 22 3336 ,
48 3283 76 3328 ιιι
112 3274 147 3335 ia.

20 3341 24 3426 l
124 3355 277 3419 Causam
300 3359 360 3418 linit
380 3354 598 3436 Apollodorus,
628 3364 660 3415 ut
679 3354 917 3434 interpretatione
938 3348 1077 3427 Valgiilt

20 3431 23 3504 l
50 3433 76 3494 lli
107 3441 175 3520 ipuli
194 3443 256 3501 eius
271 3451 351 3520 utar,
373 3443 428 3502 ita:
451 3439 557 3504 Causa
578 3445 624 3502 cst
643 3441 795 3519 nepotiam
816 3437 954 3577 cappidus
971 3435 1036 3495 sutis
