2470 3962
333 247 782 326 rusr.onsrou.u1s.x11,a.
937 219 939 224 ’
994 237 1057 299 249

54 399 203 480 rigatione
217 418 299 479 quam
311 401 496 460 velocissima
505 400 594 461 iubet.
619 400 721 480 Neque
732 403 1055 482 verordristippum

56 500 195 543 summum
218 484 410 563 inuoluptate
432 484 565 562 corporis
586 483 691 544 bonum
707 503 835 563 ponens,
857 483 892 546 ad
907 484 982 545 bunc
1001 504 1056 547 nos

56 566 188 626 laborem
206 565 344 627 hortatur.
378 566 542 643 Pyrrbon
557 568 671 647 quidem
689 586 761 646 quas
776 571 805 629 in
820 568 876 628 boc
897 585 989 646 opere
1005 569 1053 630 ba·

55 648 128 709 bere
140 658 241 728 partes
257 645 376 729 potest?
399 652 444 710 cui
460 651 569 710 iudices
586 669 663 726 esse,
680 652 755 730 apud
767 668 841 730 quos
855 651 945 712 verba
957 653 1053 727 iaciat,

56 740 85 792 et
103 750 201 809 reum,
224 750 351 814 proquo
371 732 522 813 loquatur,
545 743 575 794 et
591 731 739 810 senatum,
762 737 790 794 in
806 751 863 813 qno
879 736 917 794 sit
932 733 1054 796 dicenda

55 817 217 892 sententia,
241 834 299 876 non
319 815 450 896 liquebit.
483 817 713 878 Academiam
739 818 853 897 qnidam
876 816 1097 885 utilissimam25

55 898 193 975 credunt,
217 899 293 977 quod
308 917 370 959 mos
389 901 416 959 in
434 907 583 978 utramque
604 909 714 980 partem
730 899 892 960 disserendi
911 900 947 961 ad
969 920 1052 962 exer-

55 983 221 1043 citationem
243 982 401 1043 forensium
425 1001 575 1044 causarum
594 985 726 1062 proxime
748 984 879 1045 accedat.
907 983 1054 1045 Adliciunt

54 1063 123 1126 loco
138 1064 336 1144 probationis,
359 1066 437 1145 quod
454 1085 489 1127 ea
504 1069 769 1146 praestantissimos
784 1069 813 1127 iu
829 1067 997 1146 eloquentia
1011 1071 1052 1128 vi·

52 1166 104 1209 ros
123 1147 254 1209 ediderit.
285 1149 531 1228 Peripatetici
552 1150 646 1211 studio
663 1167 780 1230 quoque
795 1169 828 1211 se
847 1150 970 1228 quodam
988 1167 1052 1210 ora·

9 1283 10 1286 ,
41 1233 129 1296 torio
151 1233 266 1292 iactant.
299 1231 371 1292 Nam
396 1231 496 1294 theses
517 1233 616 1294 dicere
638 1235 854 1294 exercitationis
875 1235 967 1310 gratia
989 1234 1052 1293 iere

53 1314 203 1376 establis
219 1316 384 1376 institutum.
418 1316 552 1391 Stoici,
571 1319 645 1376 sieut
661 1317 774 1396 copiam
790 1319 972 1395 nitoremque
990 1317 1051 1376 elo·

53 1400 190 1488 quentiae
206 1399 270 1458 lere
282 1398 521 1479 praeceptoribus
539 1400 598 1460 suis
610 1399 739 1460 deluisse
754 1400 916 1461 concedant
927 1417 1051 1460 necesse

53 1490 115 1558 est,
139 1483 176 1542 ita
198 1482 293 1542 nullos
312 1492 360 1542 aut
383 1483 509 1561 probare
531 1484 626 1542 acrius
650 1493 697 1544 aut
720 1483 897 1544 concludere
918 1482 1052 1543 subtilius

52 1565 240 1627 contendunt.
271 1566 330 1626 Sed
350 1565 423 1626 haec
440 1567 514 1626 iuter
529 1568 628 1646 ipsos,
647 1568 695 1648 qui
711 1567 792 1628 velut
807 1575 988 1628 sacramento
1003 1575 1098 1630 roto
1141 1637 1144 1644 ,

51 1650 113 1728 gati
136 1648 184 1708 vel
213 1650 299 1710 etiam
324 1650 530 1728 superstitione
557 1652 706 1711 constricti
732 1651 814 1711 neias
842 1650 947 1712 ducant
967 1668 983 1710 a
1004 1669 1050 1710 su·

52 1740 155 1810 scepta
175 1732 266 1792 semel
289 1732 479 1822 pequasione
501 1733 664 1794 discedere.
695 1733 809 1794 Oratori
826 1751 899 1794 vero
917 1734 988 1794 nibil
1006 1742 1052 1794 est

52 1833 179 1876 necesse
197 1815 225 1874 in
242 1818 407 1893 cuiusquam
427 1818 521 1876 iurare
537 1817 631 1894 leges.
662 1814 753 1878 blaius
770 1817 845 1877 enim
860 1825 905 1876 est
921 1834 995 1894 opus
1011 1823 1096 1879 at·2'l

52 1917 111 1979 que
134 1900 344 1978 praestantius,
371 1900 407 1959 ad
432 1901 508 1977 quod
529 1901 593 1978 ipse
615 1898 724 1982 tendit,
751 1909 780 1960 et
801 1901 881 1960 cuius
904 1908 951 1959 est
970 1899 1052 1958 uelut
1144 1905 1148 1913 ’

53 1981 240 2058 candidatus,
265 1983 289 2042 si
310 1979 425 2061 quidem
445 1992 490 2043 est
510 1983 621 2044 iuturus
640 2000 703 2043 cum
717 1984 795 2044 vitae
810 1992 868 2043 tum
889 1984 973 2043 etiam
990 1983 1051 2044 elo-

6 2075 8 2082 ’
53 2067 189 2148 quentiae
203 2063 287 2126 laude
303 2066 461 2145 periectas.
489 2065 586 2140 Quare
601 2067 630 2126 in
645 2067 809 2145 exemplum
824 2065 937 2127 dicendi
953 2065 1052 2126 iacun·

52 2148 201 2211 dissimum
218 2166 361 2228 quemque
376 2159 522 2229 proponet
533 2148 589 2210 sibl
603 2151 638 2210 ad
652 2149 825 2225 imitandum,
841 2149 969 2210 moribus
980 2166 1051 2210 vero
1139 2177 1142 2182 ·

52 2230 209 2292 lormandis
232 2249 316 2310 quam
336 2232 539 2294 honestissima
564 2241 721 2315 praecepta
743 2234 992 2311 rectissimamque
1015 2232 1051 2301 ad

6 2323 8 2330 ’
51 2318 188 2375 virtutem
209 2316 285 2376 viam
309 2315 428 2394 deliget.
466 2315 684 2378 Exercitatione
705 2316 821 2395 quidem
844 2324 939 2376 utetur
964 2315 1051 2390 omni,

52 2398 108 2460 sed
124 2406 218 2458 tamen
235 2401 290 2460 erit
304 2399 441 2478 plurimus
457 2401 485 2459 in
502 2401 630 2460 maximis
647 2398 810 2484 quibusque
824 2417 859 2460 ac
874 2407 973 2459 natura
988 2398 1051 2477 pul·

52 2481 215 2543 cberrimis.
257 2481 329 2542 Nam
350 2500 425 2561 qnae
446 2491 544 2562 potest
569 2484 690 2544 materia
715 2485 838 2563 reperiri
864 2483 900 2543 ad
926 2483 1099 2560 graviterbs

53 2565 238 2644 copioseque
257 2565 408 2626 dicendum
430 2568 521 2645 magis
542 2566 688 2627 abundans
705 2583 790 2645 quarn
810 2566 847 2627 de
866 2567 991 2641 virtute,
1015 2564 1052 2624 de

51 2648 237 2791 republica,
256 2649 292 2710 de
307 2649 503 2726 providentia,
528 2649 565 2711 dc
585 2649 696 2727 origine
712 2650 885 2724 animorum,
904 2647 941 2707 dc
956 2648 1052 2707 amici-

53 2730 93 2794 tia
139 2729 219 2793 llaec
234 2741 316 2808 sunt,
338 2732 442 2812 quibus
456 2750 538 2792 mens
552 2731 662 2812 pariter
677 2741 764 2811 atque
779 2733 871 2792 oratio
888 2732 1051 2808 insurgant:

52 2831 219 2896 quaerere
243 2815 336 2891 bona,
358 2816 425 2894 quid
447 2817 560 2893 mitiget
580 2824 689 2891 metus,
713 2822 851 2875 coerceat
867 2812 1051 2892 cupiditates,

53 2899 161 2959 eximat
176 2914 229 2958 nos
246 2899 427 2978 opinionibus
443 2899 523 2978 uulgi
537 2899 717 2977 animumque
734 2897 906 2962 coelestem.

137 2980 242 3064 Neque
264 2999 299 3042 ea
321 2983 431 3058 solum,
457 2999 532 3061 qnae
555 2981 659 3043 talibus
677 2981 837 3061 disciplinis
860 2981 1052 3056 continentur,
1060 2987 1097 3042 ab

52 3063 107 3126 sed
122 3066 215 3143 magis
231 3065 335 3143 etiam,
358 3083 434 3145 qnae
456 3075 523 3126 sunt
538 3066 748 3145 antiquitus
765 3063 863 3126 dicta
886 3081 928 3124 ac
948 3065 1051 3124 iacta

52 3148 270 3227 praeclare,
293 3159 322 3209 et
344 3165 434 3210 nosse
456 3159 486 3210 ct
506 3150 599 3209 animo
622 3164 740 3229 semper
755 3149 867 3226 agitare
886 3146 1051 3207 conveniet.

52 3229 137 3304 Quae
158 3230 294 3310 proiecto
317 3250 459 3312 nusquam.
478 3233 562 3312 plura
584 3233 752 3312 maioraque
777 3248 860 3310 quam
883 3231 911 3289 in
933 3237 1051 3290 nostrae

52 3313 178 3374 civitatis
193 3317 382 3376 monumentis
397 3317 591 3395 reperientur.
622 3315 668 3375 An
682 3314 887 3390 fortitudinem,
903 3313 1048 3388 iustitiam,
1058 3319 1095 3375 30

51 3397 156 3475 iidem,
186 3400 405 3476 continentiam,
432 3399 645 3477 frugalitatem,
673 3405 867 3477 contemptum
888 3395 998 3458 doloris
1016 3411 1052 3456 ac

49 3482 154 3542 mortis
174 3480 278 3552 melius
301 3483 350 3544 alii
370 3482 517 3544 docebunt
539 3499 624 3563 quam
642 3480 785 3557 Fabricii,
809 3478 905 3558 (lorii,
931 3478 1051 3560 Reguli,
