2508 3958
17 137 62 248 ιζ’
190 173 253 236 270
512 181 642 232 usna
656 179 877 241 amnnmmru

191 340 318 404 virumn
341 355 381 401 es
408 337 512 398 soemo
536 336 668 415 artificio
698 336 954 416 deprompsiseet,
981 335 1136 416 Respicite
1158 336 1196 405 0.

191 423 329 500 Fabricii
342 429 545 490 senectutem:
563 437 632 482 cam
642 421 710 498 boc,
726 419 892 499 Respicite,
908 421 1197 486 orucuduenrntio·

190 509 239 570 uis
261 522 359 570 canuc
379 523 474 584 saepe
494 506 640 567 dicisset:
664 505 803 584 respersit
821 505 907 583 ipses
933 513 966 566 ct
985 502 1152 568 Fabricius
1175 525 1199 570 u

51 627 57 632 =-
189 591 343 654 subselliis
357 591 489 652 donasse
508 591 610 668 cupite
624 590 828 665 discesserat,
850 597 880 648 et
895 597 1009 665 cetera,
1026 606 1100 668 quae
1116 591 1198 652 adie-

75 671 76 674 ’
191 677 245 744 ait:
258 692 322 737 nam
342 683 387 734 est
402 682 487 734 natus
502 673 599 742 locus:
625 691 690 735 eum
709 675 738 733 in
751 689 785 732 re
800 671 858 732 boc
872 671 966 734 solnm
982 681 1078 750 esset,
1094 672 1198 736 Fabri-

17 753 43 834 {Qj-
147 770 180 828 41
191 760 265 820 cium
288 777 304 819 a
325 759 431 820 iudicio
452 759 625 818 recessisse.
668 755 707 817 Et
727 754 844 818 Caelius
860 774 924 817 cnm
940 757 1034 817 omnia
1048 761 1197 820 venustis·

17 837 54 874 '³'
190 845 261 904 sime
291 843 373 904 linxit
397 852 456 903 tum
482 841 554 902 illud
583 841 725 918 ultimum,
752 837 812 902 llic
838 841 1018 904 subsecutus
1046 844 1200 920 qaouwdc

190 928 358 1003 transierit,
373 935 475 989 utrum
489 933 559 987 rute
575 945 617 990 cn
629 925 800 1004 paenuria
812 925 952 1005 accipio,
963 943 1050 988 aemc
1065 929 1196 1011 sciebat.

25 1063 33 1080 ,ἱ
190 1011 289 1074 Siculi
308 1011 446 1089 quidem,
468 1018 502 1072 ut
521 1011 592 1070 ment
612 1009 724 1070 lascivi
736 1015 766 1070 et
780 1009 922 1088 dicaces,
940 1009 1067 1071 aiebam
1079 1013 1113 1072 in
1128 1011 1197 1075 del·

147 1096 279 1175 tnpbinc
292 1095 411 1156 sedisse
427 1101 456 1155 et
475 1095 522 1156 sic
537 1101 685 1172 tunquam
698 1087 818 1154 Ariona
833 1101 1049 1156 transvectam.
1080 1093 1114 1156 ln
1130 1113 1197 1158 nar-
1234 1093 1236 1144 l

17 1187 26 1216 ²
190 1178 281 1240 rando
298 1187 393 1240 autem
409 1175 514 1238 Cicero
531 1179 694 1238 consistere
712 1177 834 1238 facetias
850 1185 946 1255 putat,
968 1177 1153 1240 dicacitatem
1168 1181 1198 1241 in
1234 1205 1236 1252 n

190 1263 333 1324 iaciendo.
369 1260 441 1322 blire
463 1263 516 1323 init
536 1263 565 1322 in
589 1261 647 1323 hos
667 1278 779 1340 genere
791 1269 932 1346 uenustus
952 1259 1026 1320 Ater
1038 1259 1196 1342 Domitius,
1234 1253 1236 1330 l

192 1349 272 1407 cuius
294 1345 471 1408 arsionibus
494 1346 659 1424 complures
682 1343 845 1407 huiusmodi
865 1345 1046 1405 narrationes
1066 1349 1197 1409 insertae
1234 1349 1236 1414 ἐ

67 1509 68 1512 ¹
190 1432 388 1508 reperiuntur:
415 1429 467 1489 sed
501 1429 645 1490 dictorum*
675 1446 793 1508 quoque
814 1428 850 1489 ab
874 1427 977 1490 eodem
998 1428 1110 1492 urbane
1132 1441 1197 1493 sunt
1234 1443 1236 1528 i

81 1535 82 1540 ¹
147 1525 183 1582 43
191 1512 259 1575 editi
275 1513 349 1574 libri.
379 1510 455 1572 lllnd
467 1528 585 1591 quoqne
603 1531 696 1590 genus
712 1514 898 1592 estpositum
914 1515 1015 1573 nonin
1031 1514 1086 1574 hac
1103 1517 1196 1578 veluti
1234 1543 1236 1596 p

17 1591 30 1616 '¹
190 1597 364 1659 iaculatione
384 1595 525 1656 dictorum
551 1606 580 1658 ει
604 1595 716 1657 inclusa
740 1596 872 1658 breviter
900 1596 1062 1658 urbanitate
1088 1600 1195 1661 sedin
1233 1603 1236 1680 ⁴,

191 1682 314 1762 quodam
336 1680 470 1758 longiore
492 1689 573 1757 actu,
597 1680 674 1760 qnod
696 1681 732 1741 de
757 1680 788 1741 ln
818 1678 926 1742 Crasso
953 1689 1053 1742 contra
1077 1683 1196 1744 Brutum
1234 1713 1236 1762 l

191 1763 296 1826 Cicero
314 1767 342 1824 in
357 1763 486 1824 secundo
501 1764 538 1825 de
554 1763 678 1826 Oratore
698 1764 774 1825 libro
798 1774 827 1825 et
843 1764 907 1824 aliis
925 1764 1096 1844 quibusdam
1120 1768 1195 1830 locis
1234 1771 1236 1816 ¹

17 1845 23 1902 T'
35 1911 36 1916 ,
48 1865 60 1920 ᾖ
149 1858 296 1914 44ηειεει.
328 1847 411 1925 Nam,
432 1866 496 1909 cum
509 1847 614 1909 Brutus
634 1851 662 1910 in
681 1850 868 1910 accusatione
884 1846 936 1909 Gn.
953 1849 1052 1910 Planci
1069 1869 1106 1910 ex
1121 1851 1192 1910 duo-

191 1935 244 1995 bus
266 1931 425 1995 laetoribus
447 1932 637 2009 ostendisset,
665 1935 808 1993 contraria
831 1931 862 1992 L.
886 1929 1021 1994 Crassum
1042 1943 1195 2012 patronum

192 2021 254 2078 eius
270 2021 298 2078 in
315 2019 457 2092 oratione,
475 2017 608 2093 quamde
625 2014 747 2077 Colonia
762 2015 944 2078 Narbonensi
959 2017 1111 2097 habuerat,
1129 2039 1193 2081 sua·

191 2103 267 2161 sisse
286 2102 331 2177 iis,
349 2117 424 2178 qnae
441 2098 478 2160 de
493 2099 562 2177 lege
578 2100 702 2161 Servilia
720 2099 848 2161 dixerat:
863 2103 915 2162 tris
930 2104 1068 2163 excitavit
1084 2113 1116 2164 et
1130 2107 1193 2184 ipse

17 2237 75 2266 ff
191 2184 333 2260 lectores,
349 2183 453 2263 hisque
468 2185 558 2262 patris
575 2186 638 2246 cius
650 2183 784 2263 dialogos
803 2184 882 2245 dedit
893 2185 1051 2262 legendas:
1072 2204 1193 2265 quorun
1234 2215 1236 2238 ι

124 2323 125 2326 ,
191 2287 255 2331 cum
275 2271 305 2328 in
324 2267 484 2328 Privernati
504 2286 593 2346 unus,
615 2268 690 2329 alter
710 2269 738 2328 in
757 2267 888 2346 Albano,
910 2271 1012 2330 tertius
1036 2271 1067 2329 in
1083 2270 1194 2332 Tiburti

191 2369 353 2412 sermonem
369 2351 495 2416 habiturn
521 2352 784 2431 complecteretur:
810 2352 993 2433 requirebat,
1018 2352 1068 2414 ubi
1094 2364 1194 2416 essent

177 2454 244 2497 .eae
269 2431 498 2514 possessiones?
540 2435 645 2496 Omnes
675 2446 770 2496 autem
791 2437 856 2498 illas
879 2437 985 2500 Rrutu's
1006 2437 1193 2508 vendiderat:

17 2559 65 2600 ,p
191 2529 219 2579 et
234 2529 292 2579 tum
307 2527 428 2597 paterna
439 2535 630 2598 emancupare
646 2521 765 2598 praedia
783 2523 894 2601 turpius
909 2519 1080 2582 habebatur.
1112 2524 1193 2584 Simi-

19 2603 80 2680 *ζ’*
190 2604 226 2665 lis
248 2604 278 2663 in
298 2603 434 2682 apologis
455 2620 572 2682 quoque
594 2613 623 2665 ct
644 2604 812 2683 quibusdam
831 2607 943 2665 interim
962 2608 1047 2666 etiarn
1064 2604 1195 2668 historiis

192 2687 356 2766 exponendi
371 2689 464 2764 gratia
479 2689 619 2766 consequi
634 2688 721 2748 solet.

147 2780 181 2837 45
273 2770 332 2832 Sed
348 2773 460 2844 acutior
481 2781 526 2832 est
544 2773 595 2834 illa
610 2782 697 2851 atque
719 2773 853 2835 velocior
871 2777 900 2834 in
920 2773 1084 2836 urbanitate
1107 2775 1193 2836 bre·
1234 2783 1236 2802 ¹

26 2840 50 2925 f
189 2856 297 2915 vitas.
339 2853 427 2914 Cuius
452 2855 565 2933 quidem
584 2857 693 2934 duplex
712 2857 804 2918 forma
826 2867 872 2918 est
887 2859 1001 2920 dicendi
1015 2876 1050 2920 aa
1070 2876 1194 2938 respon·

25 2937 86 3019 ᾖς’-εὶ(
127 2939 290 3015 Ιιιιιιίειιιιί,
313 2938 366 2999 sed
387 2941 460 2998 ratio
488 2942 643 3000 communis
665 2943 694 3001 in
719 2949 846 3020 partem:
874 2942 945 3004 nibil
966 2945 1040 3003 enim
1064 2944 1144 3022 quod
1165 2945 1195 3004 in
1225 3003 1229 3012 ,

144 3063 148 3070 .
190 3023 364 3084 lacessendo
381 3021 437 3083 dici
449 3033 558 3101 potest,
575 3041 632 3084 non
649 3025 733 3086 etiarn
748 3028 777 3086 in
788 3026 1023 3104 repercutiendo.
1052 3025 1093 3087 Αι
1105 3044 1193 3106 quae-

61 3113 94 3182 tjs
190 3107 255 3168 dam
271 3107 390 3184 propria
411 3116 476 3168 sunt
495 3109 746 3186 respondentium:
773 3109 823 3171 illa
840 3113 925 3171 etiam
939 3112 983 3172 ira
999 3113 1137 3172 concitat
1152 3112 1193 3170 ·l·

18 3184 76 3268 s'j'
103 3187 116 3258 f
190 3190 269 3251 ferre
291 3191 403 3266 solent,
425 3190 499 3252 haec
516 3193 686 3272 plerumque
702 3195 730 3254 in
744 3194 933 3256 altercatione
949 3204 997 3257 aut
1011 3197 1041 3254 iu
1054 3212 1141 3273 regar
1177 3199 1194 3256 bs

191 3273 312 3334 testibus
329 3275 521 3351 requiruntur.
560 3275 631 3338 Cum
644 3280 700 3338 sint
715 3288 810 3339 autem
825 3279 885 3340 loci
899 3280 1018 3358 plures,
1038 3281 1138 3357 expui
1177 3295 1195 3338 ns

26 3363 89 3436 ‘fil
192 3357 268 3419 dicta
279 3358 401 3419 ridicula
418 3359 573 3422 ducantur:
588 3363 778 3441 repetendum
794 3371 839 3424 est
853 3363 931 3442 mihi,
947 3380 1005 3424 non
1023 3380 1125 3424 omnes
1177 3379 1195 3422 a

192 3442 355 3504 oratoribus
373 3446 545 3516 convenire;
567 3446 709 3525 inprimis
726 3456 821 3508 autern
838 3465 874 3508 ex
892 3447 1122 3528 amphibolia
1177 3465 1194 3504 :-
