2470 3962
339 139 804 250 rusr.0usuou.u1s.xu,'1o.
1013 175 1074 238 265

64 336 178 397 exucci
197 342 226 394 et
244 353 402 412 exangues.
436 334 471 394 Hi
486 344 551 394 sunt
568 339 657 413 enim,
676 339 724 417 qui
740 356 809 398 suae
825 338 1014 400 imbecillitati
1030 355 1117 407 salt

63 421 169 479 nitatis
195 418 436 497 appellationem,
462 413 604 496 quaeest
628 421 749 480 maxime
780 424 941 500 contraria,
972 423 1073 485 obten-

62 504 158 571 dunt:
182 504 245 580 qui,
263 503 329 580 quia
345 501 498 562 clariorem
510 505 570 562 vim
589 504 773 582 eloquentiae
790 504 870 565 velut
884 506 977 566 solem
994 508 1074 568 ferre
1176 573 1180 576 .

60 603 129 645 non
147 594 286 663 possunt,
304 584 402 645 umbra
417 587 512 662 magni
528 588 649 646 nominis
664 587 847 649 delitescunt.
878 588 988 663 Quibus
1008 595 1073 669 quia

62 669 162 729 multa
183 677 212 728 et
233 667 363 747 pluribus
389 669 463 728 locis
488 665 593 729 Cicero
619 672 683 749 lpse
704 672 873 750 respondit:
898 675 986 733 tutior
1006 676 1073 736 mihi

63 753 106 814 de
123 753 182 813 boc
200 751 362 812 disserendi
376 751 503 811 brevitas
519 755 582 812 erit.

157 834 194 894 Et
225 837 340 915 antiqua
364 835 478 913 quidem
504 835 554 895 illa
581 837 683 896 divisio
713 838 788 897 inter
814 837 959 898 Atticos
986 849 1072 919 atque
1082 853 1116 907 16

63 920 230 980 Asianos
247 919 317 994 luit,
341 937 405 979 cum
420 919 448 979 bi
464 920 558 997 pressi
574 928 604 979 et
619 921 724 997 integri
733 936 745 980 :·
764 930 863 982 contra
880 921 969 982 inllati
985 921 1027 982 illi
1044 935 1073 984 et

62 1006 171 1063 inanes
192 1001 382 1070 haberentur;
413 1003 441 1061 in
463 1001 507 1061 bis
532 1003 601 1063 nibil
627 1001 838 1081 superflueret:
863 1005 919 1065 illis
939 1005 1072 1067 iudicium

62 1088 194 1148 maxime
210 1105 245 1146 ao
260 1086 360 1145 modus
377 1085 504 1145 deesset.
537 1085 622 1160 Quod
640 1088 770 1164 quidam,
790 1105 910 1166 quorum
926 1098 954 1148 et
970 1091 1072 1151 Santra

64 1179 133 1246 est,
157 1169 213 1229 boc
229 1178 328 1248 putant
345 1169 504 1243 accidisse,
531 1170 624 1246 quod,
647 1169 783 1247 paulatim
806 1188 940 1232 sermone
959 1170 1070 1234 Graeco

64 1256 97 1314 in
114 1255 261 1332 proximas
279 1253 367 1312 Asiae
384 1253 515 1312 civitates
531 1252 683 1330 influente,
701 1254 824 1314 nondum
841 1255 910 1315 satis
925 1256 1011 1335 periti
1028 1257 1096 1332 lo·,

66 1337 179 1418 quendi
199 1337 361 1396 facundiam
383 1336 599 1414 concupierint,
629 1336 755 1414 ideoque
779 1355 829 1414 ea,
855 1355 930 1415 quae
952 1342 1070 1418 proprie

66 1421 180 1498 signari
196 1429 349 1497 poterant,
367 1419 487 1479 circuitu
502 1421 653 1498 coeperint
670 1422 817 1481 enuntiare
833 1439 868 1480 sc
886 1421 990 1481 deinde
1006 1441 1072 1502 per·

67 1504 245 1565 severariut.
277 1501 346 1563 lllihi
368 1510 463 1562 autem
485 1504 622 1562 orationis
644 1502 835 1564 differentiam
856 1504 964 1564 iecisse
986 1514 1014 1565 et
1032 1506 1114 1572 di·lt

67 1588 198 1649 centium
222 1594 251 1646 et
272 1586 445 1647 audientium
467 1595 585 1647 naturae
604 1588 754 1662 videntur,
780 1589 856 1665 quod
874 1586 963 1648 Attici
984 1589 1072 1650 limati

67 1671 187 1751 quidam
203 1679 232 1730 et
248 1669 371 1730 emuncti
386 1668 455 1729 nibil
471 1671 555 1729 inane
570 1678 618 1730 aut
632 1669 793 1729 redundans
805 1670 948 1746 lerebaut,
965 1670 1071 1732 Asiana

67 1773 146 1834 gens
163 1754 295 1814 tumidior
318 1752 426 1830 alioqui
447 1761 533 1831 atque
549 1755 699 1813 iactantior
714 1755 832 1813 vaniore
855 1755 940 1813 etiam
958 1755 1071 1815 dicendi

68 1839 167 1917 gloria
187 1837 282 1897 inllata
301 1846 355 1896 est.
389 1834 515 1895 Tertium
530 1853 612 1911 mox,
638 1837 685 1913 qui
701 1835 773 1896 baec
789 1835 972 1912 dividebant,
994 1838 1115 1902 adis-rs

69 1931 175 1982 cerunt
199 1938 311 1996 genus
332 1918 522 1994 llbodium,
553 1919 633 1999 quod,
649 1918 729 1978 velut
750 1919 872 1979 medium
897 1937 963 1978 csse
985 1929 1071 1998 atque

69 2025 110 2066 ex
136 2015 259 2081 utroque
279 2004 396 2063 mixtum
411 2003 524 2069 volunt;
552 2020 646 2081 neque
662 2004 737 2060 enim
752 2001 849 2062 Attice
867 2005 961 2080 pressi
976 2021 1071 2081 neque

69 2090 181 2149 Asiane
198 2095 262 2146 sunt
281 2086 475 2159 abundantes,
502 2094 531 2144 ut
557 2085 664 2164 aliquid
685 2083 793 2145 babere
810 2087 961 2146 videantur
976 2090 1071 2163 gentis

70 2169 183 2249 aliquid
199 2171 335 2230 auctoris.
367 2167 529 2228 Aeschines
546 2171 639 2244 enim,
658 2170 706 2247 qui
722 2167 797 2228 bunc
815 2169 903 2229 exilio
922 2169 1115 2246 delegeratltt

68 2257 184 2328 locum,
207 2254 300 2313 intulit
324 2269 359 2313 eo
375 2253 468 2312 studia
484 2251 673 2328 Athenarum,
697 2270 787 2330 quae,
809 2252 889 2312 velut
907 2261 968 2312 sata
985 2270 1071 2330 quac·

69 2339 137 2398 dam
152 2337 238 2397 coelo
255 2345 390 2414 terraque
406 2335 601 2412 degenerant,
626 2352 761 2413 saporem
784 2336 863 2396 illum
879 2334 1004 2395 Atticum
1020 2354 1071 2414 pe-

70 2421 190 2498 regrino
206 2423 391 2480 miscuerunt.
433 2418 514 2478 beuti
536 2437 608 2496 ergo
629 2420 742 2496 quidam
758 2437 792 2479 ao
805 2420 919 2478 remissi
935 2436 992 2478 non
1008 2422 1070 2478 sine

70 2502 204 2584 pondere
218 2512 314 2563 tamen
328 2521 423 2581 neque
440 2501 566 2562 lontibus
584 2504 663 2581 puris
678 2521 773 2580 neque
789 2501 964 2562 torrentibus
983 2501 1069 2561 turbi-

70 2587 116 2648 dis
132 2586 184 2646 sed
201 2586 314 2647 lenibus
329 2588 438 2662 stagnis
455 2586 565 2644 similes
581 2584 730 2644 habentur.

156 2668 248 2730 Nemo
272 2671 358 2746 igitur
379 2667 568 2742 dubitaverit,
600 2668 687 2744 longe
710 2685 777 2726 esse
800 2668 935 2744 optimum
956 2679 1115 2744 geuus20

70 2751 287 2814 Atticorum.
318 2752 350 2812 ln
366 2768 422 2830 quo
441 2760 471 2810 ut
488 2760 533 2811 est
550 2750 655 2828 aliquid
670 2752 745 2809 inter
760 2750 841 2826 ipsos
858 2766 1025 2824 commune,
1042 2751 1070 2810 id

72 2845 118 2896 est
135 2836 269 2897 iudicium
292 2845 360 2897 acre
383 2845 567 2913 tersumque:
589 2836 627 2892 ita
648 2833 827 2910 ingeniorum
850 2831 988 2911 plurimae
1011 2833 1069 2892 lor·

70 2937 146 2978 mae.
182 2919 367 2999 Quapropter
382 2919 448 2980 mibi
465 2918 527 2979 lalli
542 2917 659 2976 multum
674 2915 823 2991 videntur,
841 2917 888 2993 qui
905 2916 986 2974 solos
1005 2928 1110 2978 essent

73 3000 188 3060 Atticos
205 3003 325 3062 credunt
345 3013 447 3062 tenues
464 3012 493 3063 et
509 3000 620 3061 lucidos
642 3007 671 3058 et
686 2998 881 3076 significantes
904 3007 933 3058 et
949 3000 1069 3076 quadam

73 3084 260 3162 eloquentiae
276 3085 440 3162 frugalitate
456 3092 608 3144 contentos
623 3100 657 3142 ac
668 3100 785 3161 semper
800 3099 910 3141 manum
925 3083 997 3141 intra
1009 3083 1069 3159 p'al-

71 3169 141 3229 lium
163 3168 355 3237 continentes.
391 3158 551 3245 Nam'quis
578 3168 632 3227 erit
652 3166 699 3226 bic
720 3163 854 3225 Atticus‘l
889 3165 932 3224 Sit
952 3163 1068 3240 Lysiam

72 3253 148 3314 bunc
178 3251 251 3310 enim
279 3250 490 3329 amplectuntur
520 3259 663 3310 amatores
688 3251 769 3308 istius
795 3249 915 3307 nominis
945 3248 1067 3308 modum.

74 3334 139 3395 Non
153 3336 240 3412 igitur
258 3336 313 3394 iam
328 3350 420 3413 usque
441 3332 476 3392 ad
493 3331 621 3393 Coccum
641 3341 670 3392 et
685 3331 862 3391 Andocidem
883 3335 1067 3392 remittemur.

73 3419 259 3496 Interrogare
276 3427 371 3478 tamen
389 3416 494 3494 velim,
520 3433 556 3476 au
572 3415 719 3476 isocrates
736 3414 832 3475 Attice
848 3415 962 3475 dixerit.
993 3415 1069 3475 Nihil
1078 3428 1112 3478 ts
