2446 3962
1 1921 3 2010 t

1 2049 3 2128 l

308 194 397 243 ruer.
422 195 570 244 oneror.
592 197 662 243 nun.
684 197 722 264 v,
743 193 769 246 6.
783 191 808 246 7.
1000 184 1058 248 195

78 361 171 422 quere,
192 366 229 408 an
250 350 397 427 peierarit.
437 350 497 412 Sed
518 349 601 411 nobis
625 350 860 414 adolescentibus
881 353 1014 412 seniores
1032 354 1088 420 ino

75 429 177 504 agendo
202 432 270 493 laeti
293 433 467 511 praecipere
488 433 638 510 solebant,
659 453 696 496 na
717 453 842 514 unquam
865 436 1060 500 iusiurandum

74 510 257 592 deterremus,
280 517 356 578 siout
372 534 468 596 neque
487 521 568 596 optio
590 517 693 580 iudieis
712 519 878 580 adversario
897 529 978 580 esset
992 539 1059 600 per·

71 596 196 660 mittenda
216 618 271 662 neo
294 618 332 664 ex
353 601 502 662 advocatis
519 603 609 681 partis
624 601 767 663 adversae
786 603 874 666 iudex
892 604 1059 681 eligendns;

70 695 136 757 nem,
157 684 180 742 si
200 683 298 746 dioere
315 687 458 748 contraria
468 695 553 764 turpe
564 685 707 747 advocato
719 687 881 764 rideretur,
905 696 987 748 uerte
1001 696 1060 750 tur·

69 762 126 840 pius
140 764 313 846 halendum,
327 769 428 832 laoere
448 768 527 848 quod
541 778 657 830 noceat

445 923 489 974 DE
504 920 671 976 susumus,

141 1014 202 1078 Vll.
229 1015 371 1080 llaxiasus
387 1027 481 1082 tamen
496 1020 625 1098 patronis
642 1021 719 1082 eirea
739 1022 951 1082 testimonia
971 1021 1060 1083 sudor

62 1095 115 1155 est.
143 1097 184 1160 lla
201 1099 397 1163 dieunturaut
416 1121 485 1181 per
504 1102 655 1164 tabulas
676 1113 725 1164 aut
746 1122 762 1163 a
782 1105 1058 1182 praesentibus.

65 1179 219 1260 Simplioior
247 1194 347 1248 oon-tra
373 1185 486 1248 tabulas
508 1205 614 1265 pugne.
649 1186 722 1246 Nam
746 1196 775 1246 et
796 1189 887 1248 minus
909 1188 1059 1252 obstitisse

64 1263 169 1325 videtur
181 1269 277 1348 pudor
293 1271 368 1329 iuter
384 1287 494 1348 paucos
511 1271 694 1347 signatores,
713 1280 742 1329 et
753 1287 807 1349 pro
823 1271 1059 1352 diffidentiapre·

64 1348 140 1408 mitur
158 1351 300 1414 absentia.
329 1352 360 1414 si
377 1353 637 1432 reprehensionem
658 1371 717 1414 non
735 1357 813 1433 capit
830 1357 894 1435 ipsa
914 1373 1058 1435 persona:

64 1431 190 1496 infamare
205 1439 374 1514 signatores
390 1437 469 1498 lieet.
493 1437 593 1500 l'aeita
603 1448 758 1518 praeterea
769 1440 909 1517 quaedam
920 1441 1087 1518 rogitatioa

65 1514 217 1596 refragatur
240 1519 285 1580 lais
306 1519 453 1598 omnibns,
474 1521 552 1601 quod
571 1539 656 1582 nemo
671 1540 725 1601 per
739 1522 852 1585 tabulas
866 1524 915 1584 dat
930 1526 1058 1584 testimo·

64 1600 131 1660 nium
150 1605 203 1664 nisi
224 1621 280 1664 sua
299 1603 463 1674 voluntate3
486 1622 543 1684 quo
566 1608 631 1684 ipso
652 1623 709 1666 non
734 1624 802 1667 esse
826 1609 946 1668 amioum
966 1609 1058 1685 eise,

67 1693 155 1747 eontra
174 1705 265 1768 quem
287 1687 372 1765 dicit,
395 1688 511 1749 latetur.
543 1687 646 1767 Neque
668 1700 763 1750 tamen
782 1694 913 1769 protinus
935 1693 1059 1753 cesserit

66 1777 168 1847 orator,
190 1788 252 1850 quo
275 1773 367 1832 minus
388 1781 418 1832 et
439 1773 548 1833 amicas
569 1789 624 1850 pro
647 1776 738 1834 amieo
759 1782 789 1832 et
809 1777 940 1834 inimicus
959 1784 1059 1835 eontra

63 1849 193 1916 inimicum
213 1856 312 1936 possit
331 1873 449 1933 varum,
471 1857 496 1915 si
516 1858 629 1933 integra
647 1859 684 1916 sit
701 1858 729 1916 ei
744 1855 833 1933 fides,
855 1857 964 1917 disere.
999 1857 1059 1918 Sed

60 1931 114 1996 late
128 1936 210 2001 loeus
226 1947 353 2019 uterque
368 1948 516 2001 traotatur.

138 2020 208 2085 Cum
223 2022 491 2104 praesentibus
507 2040 580 2085 uero
591 2026 693 2102 ingens
706 2024 850 2086 dimioatio
863 2032 918 2100 est,
931 2023 1086 2104 ideoque3

59 2101 134 2164 velut
152 2105 264 2187 duplioi
284 2116 385 2168 eontra
407 2124 459 2168 eos
474 2125 587 2187 proque
603 2110 638 2168 iis
654 2110 718 2170 aoie
735 2107 899 2186 oontligitur
915 2111 1059 2169 actionum

59 2195 86 2246 et
98 2189 368 2270 interrogationum.
397 2191 430 2252 lu
451 2191 660 2253 notionibus
675 2194 796 2270 primurn
810 2191 989 2269 generaliter
1003 2209 1057 2270 pro

58 2272 175 2334 testibus
195 2286 286 2355 atque
309 2277 338 2335 in
356 2284 449 2336 testes
468 2276 525 2337 diei
545 2276 632 2338 solet.
659 2273 713 2335 Est
728 2275 776 2336 lrio
791 2275 948 2336 eommunis
962 2276 1086 2354 leonas

58 2373 118 2416 eum
133 2377 201 2437 pars
214 2360 310 2420 altera
321 2358 430 2423 nullam
442 2360 596 2420 firmiorem
608 2358 809 2438 probationem
819 2376 887 2420 esse
899 2360 1058 2438 contendit,

59 2455 137 2515 quam
155 2460 232 2521 quae
248 2445 286 2504 sit
300 2444 445 2508 homiuum
460 2445 679 2512 solertiarum
695 2443 787 2506 altera
801 2443 838 2504 ad
854 2443 1060 2506 detrahendam

57 2521 111 2583 illis
133 2525 221 2590 lidem
242 2529 352 2604 omnia,
380 2546 435 2607 per
456 2545 530 2608 quse
553 2528 617 2588 deri
642 2528 756 2589 soleant
782 2527 856 2588 lalsa
883 2528 1059 2604 testimonia,

59 2621 213 2672 enumerat.
252 2611 386 2689 Sequens
404 2613 478 2674 ratio
502 2621 564 2688 est,
589 2630 653 2672 oum
675 2612 845 2691 specialiter
867 2611 983 2690 quidem
1006 2611 1085 2674 seda

58 2697 148 2754 tamen
163 2695 272 2757 multos
283 2697 392 2774 pariter
403 2695 541 2758 invadere
552 2697 666 2775 patroni
677 2695 782 2756 solent.
806 2694 879 2756 Nasu
892 2704 921 2756 et
931 2696 1059 2774 gentium

57 2775 138 2836 simul
152 2780 354 2840 universarum
370 2779 484 2841 elevata
501 2781 664 2840 testimonia
680 2778 716 2839 ab
730 2778 894 2841 oratoribus
909 2781 1015 2840 seimus
1030 2785 1061 2839 et

58 2865 116 2918 tota
140 2879 253 2938 genera
277 2865 521 2925 testimoniorum:
554 2872 586 2923 ut
605 2863 643 2925 de
664 2862 857 2926 auditionibus
864 2885 872 2934 ;
904 2864 1059 2924 nonenim

56 2941 134 3020 ipsos
157 2963 228 3008 esse
248 2955 341 3010 testes
356 2947 410 3010 sed
424 2948 610 3009 iniuratorum
625 2947 731 3008 afferre
745 2964 850 3017 vooes;
873 2956 905 3008 ut
918 2949 948 3008 in
963 2949 1059 3009 oensis

56 3030 298 3108 repetundarum,
314 3033 364 3110 qui
377 3049 411 3092 ss
426 3049 480 3092 reo
496 3049 665 3092 numerasse
681 3033 946 3111 permansierant,
964 3032 1059 3109 litiga-

56 3115 147 3173 torum
167 3131 227 3176 non
242 3116 358 3176 testium
370 3115 521 3179 habendos
536 3115 614 3176 loeo.
640 3113 757 3178 Interim
771 3115 911 3176 adversus
927 3113 1087 3193 singuloso

56 3191 186 3272 dirigitur
202 3201 293 3268 notior
314 3199 393 3278 quod
406 3201 604 3260 insectationis
621 3217 715 3278 genus
729 3209 759 3260 et
773 3200 944 3279 permixtum
958 3196 1058 3258 delen-

57 3277 129 3338 sioni
150 3279 274 3360 legimus
296 3285 326 3343 iu
349 3283 527 3344 orationibus
549 3283 679 3362 plurimis
704 3293 733 3344 et
758 3284 914 3363 separatim
941 3281 1058 3353 editum,

56 3361 129 3421 siout
152 3366 183 3423 in
201 3363 345 3426 Vatinium
365 3376 479 3428 testem.
519 3366 622 3428 'lotum
641 3369 729 3445 igitur
749 3369 926 3428 exantlamus
950 3365 1057 3441 losum,

58 3446 169 3519 qnando
188 3448 351 3512 universam
365 3452 572 3512 instltutionem
588 3453 722 3529 aggressi
736 3448 1059 3594 sumusiaguilieielrant
