2446 3962
326 196 415 244 msa.
429 193 578 243 onanoa.
592 195 662 243 aaa.
675 196 725 262 111,
738 195 765 246 5.
989 186 1048 248 113
1161 184 1166 258 g

60 358 203 414 monstrat.
237 351 381 410 ¹Alterum
408 360 453 411 est
479 349 780 428 deliberativum,
809 353 924 412 tertium
945 354 1090 420 iudi-15
1158 348 1168 381 ¹³

63 435 152 496 ciale.
181 434 305 496 Ceterae
320 436 438 513 species
454 436 482 495 in
497 435 571 495 haec
585 437 640 496 tria
654 437 781 497 incident
795 455 916 514 genera,
935 456 991 498 neu
1006 440 1047 499 in-

61 521 178 580 venietur
192 537 229 580 ex
243 520 288 579 his
303 518 380 596 ulla,
403 521 431 578 in
447 536 503 597 qua
517 536 575 579 non
592 520 711 580 laudare
729 537 763 580 aa
777 523 960 600 vituperare,
982 539 1047 595 sua·

57 604 121 664 dere
136 623 170 664 ac
186 603 372 679 dissuadere,
391 603 543 664 intendere
560 604 628 683 quid
642 604 690 663 vel
710 604 862 682 depellere
880 604 1046 667 debeamus.

58 685 104 746 -llla
128 703 240 767 quoque
263 697 330 748 suut
352 689 528 764 communia,
560 688 734 764 conciliare,
760 693 896 764 narrare,
924 691 1046 767 docere,

59 787 173 848 augere,
194 775 339 848 minuere,
361 771 542 833 concitandis
558 771 805 850 componendisve
821 773 973 833 affectibus
989 776 1047 834 ani·

58 871 114 914 nos
128 852 298 917 audientium
315 856 437 933 tingere.

29 939 30 942 ’
132 939 175 1000 Ne
199 940 244 1000 his
270 940 385 1018 quidem
410 941 612 1018 accesserim,
632 942 679 1019 qui
706 940 878 1002 laudativam
900 944 1090 1003 materiamlo

62 1023 251 1103 decoctorum,
290 1024 509 1084 deliberativam
537 1012 676 1103 utilium,
707 1026 869 1086 iudicialem
898 1028 1049 1089 iustorum
1179 1011 1184 1038 ⁴

28 1113 29 1142 ³
64 1110 217 1184 quaestione
234 1110 377 1170 contineri
393 1116 508 1186 putant,
528 1109 620 1169 celeri
640 1111 732 1186 magis
753 1128 788 1170 ao
802 1111 924 1172 rotunda
946 1111 991 1170 usi
1006 1111 1047 1171 di·

28 1217 30 1290 ἱ
61 1190 214 1253 atributione
231 1211 315 1273 quam
328 1210 410 1252 vera.
440 1192 522 1252 Stant
536 1195 611 1252 enim
627 1193 838 1271 quodammodo
851 1196 955 1254 mutuis
969 1197 1047 1254 auxi·

28 1295 30 1358 q
63 1273 100 1333 liis
119 1279 216 1338 omnia.
254 1274 326 1336 Nam
348 1285 377 1336 et
398 1277 427 1335 in
448 1274 534 1336 laude
550 1277 659 1337 iustitia
676 1277 843 1356 utilitasque
863 1287 1004 1338 tractatur
1019 1287 1049 1338 et

28 1359 30 1428 ξ
61 1358 84 1416 in
102 1362 221 1422 consiliis
248 1361 403 1436 honestas,
427 1369 456 1420 et
475 1377 542 1420 raro
564 1360 727 1421 iudicialem
750 1362 896 1422 inveneris
920 1379 1047 1439 causam,

28 1435 30 1506 ξ
51 1443 84 1500 ‘in
98 1447 170 1504 cuius
190 1463 248 1506 non
270 1455 353 1525 parte
374 1443 481 1522 aliquid
501 1462 622 1521 eorum,
642 1453 718 1523 'quae
738 1445 981 1524 supradiximus,
1002 1464 1047 1506 re-

28 1529 30 1584 l
62 1529 180 1604 periatur.

159 1681 277 1744 QUIBUS
297 1681 530 1734 conmmeatum
548 1681 649 1732 omltts
665 1682 768 1734 RATIO
786 1683 929 1738 DlGENDl.

129 1779 162 1840 ll.
197 1779 297 1840 Omnis
313 1788 408 1842 autem
424 1782 518 1841 oratio
537 1787 652 1839 constat
668 1789 716 1840 aut
732 1798 770 1839 ex
786 1779 848 1854 his,
868 1798 943 1859 quae
960 1782 1048 1858 signi·

66 1859 180 1942 icmtnr,
204 1874 254 1925 aut
271 1864 375 1942 ethis,
395 1881 471 1944 quae
486 1863 665 1940 significant,
686 1862 776 1923 idest
795 1862 905 1922 rebus
923 1873 952 1924 et
966 1882 1048 1924 rer·

63 1941 115 2004 bis.
150 1947 287 2010 Facultas
304 1948 403 2009 orandi
420 1945 634 2009 consummatur
653 1956 799 2022 natura,
823 1955 918 2023 arte,
942 1966 1048 2008 exer·

62 2029 238 2110 citatione,
257 2035 303 2092 oui
318 2042 430 2113 partem
442 2041 571 2112 quartam
586 2033 722 2093 adiiciunt
736 2030 1048 2110 quidam'imitotionis,

63 2129 131 2190 quam
150 2135 201 2178 nos
225 2118 281 2178 arti
304 2117 479 2177 subiicimus.
515 2116 582 2177 Tria
605 2127 670 2177 sunt
693 2117 777 2194 item,
800 2115 875 2194 quae
896 2117 1073 2195 praestaret
1087 2139 1112 2162 Α

62 2196 151 2260 debeat
165 2211 277 2278 orator,
292 2210 323 2260 ut
339 2200 486 2278 doceat,
502 2211 660 2276 moveat,
678 2200 852 2261 delectet.
882 2199 1050 2260 Haecenim

62 2279 154 2344 clarior
173 2286 279 2347 divisio
303 2303 387 2364 quam
410 2301 526 2361 eornm,
556 2286 604 2363 qui
628 2294 719 2344 totum
744 2301 817 2363 opus
842 2285 870 2342 in
896 2302 948 2345 res
969 2293 998 2344 et
1021 2286 1049 2344 in

62 2366 173 2448 affectes
189 2372 361 2448 partiuntur.
390 2367 465 2429 Non
481 2387 598 2449 semper
613 2378 708 2430 autem
724 2369 817 2429 onmia
832 2369 862 2427 in
877 2384 957 2444 eam,
975 2385 1049 2448 quae

62 2451 230 2531 tractabitur,
250 2455 398 2514 materiam
416 2453 530 2514 cadent.
563 2452 655 2513 Erunt
671 2455 744 2514 enim
762 2452 902 2531 quaedam
918 2461 1049 2514 remotae

64 2527 269 2614 aladectibus,
293 2539 340 2617 qui
355 2547 386 2598 ut
401 2553 459 2598 non
476 2536 583 2616 ubique
603 2537 710 2598 habent
725 2537 838 2613 locum,
860 2537 900 2596 ita
921 2553 1049 2615 quocun·

35 2619 38 2706 l,
66 2632 109 2692 que
122 2622 294 2702 irruperunt,
310 2623 461 2702 plurimum
476 2622 582 2683 valant.
608 2621 864 2682 Praestantissimis
880 2621 1075 2690 auctoribus3

36 2707 41 2790 q
66 2699 159 2782 placet,
178 2706 233 2768 alia
250 2707 280 2766 in
295 2706 441 2767 rhetorice
458 2723 543 2783 esse,
564 2725 638 2786 quae
653 2705 854 2786 probationem
871 2703 1048 2782 desiderent,

37 2797 39 2820 ⁵
65 2783 109 2845 alia
124 2807 193 2868 quae
208 2807 268 2852 non
284 2791 468 2867 desiderent,
491 2809 555 2850 cum
571 2791 675 2869 quibas
695 2792 762 2869 ipse
780 2790 942 2849 consentio.
980 2788 1049 2864 Qui-

65 2865 115 2929 dam
134 2891 220 2952 vero,
241 2883 273 2935 nt
297 2873 419 2952 Celsus,
440 2875 477 2935 de
498 2874 577 2935 nulla
599 2893 631 2934 re
652 2875 792 2935 dicturum
812 2879 975 2950 oratorem,
995 2874 1050 2934 nisi

38 2945 41 3064 q
65 2950 93 3010 la
106 2973 155 3033 qua
171 2967 342 3037 quaeratur,
364 2960 543 3036 existimant,
561 2960 606 3019 cui
622 2977 685 3019 cum
700 2959 822 3018 maxima
838 2973 906 3036 pars
925 2958 1049 3037 scripto·

39 3067 42 3112 ι
66 3050 114 3096 tun
135 3053 275 3122 repugnat
297 3054 355 3106 tum
378 3043 463 3104 etiam
489 3046 552 3124 ipsa
578 3045 709 3124 partitio;
738 3043 792 3102 nisi
819 3041 897 3101 iorte
918 3041 1048 3118 laudare,

40 3119 43 3208 3,
67 3133 127 3194 tute
142 3137 255 3188 constet
273 3147 341 3188 esse
353 3128 492 3204 honesta,
515 3137 545 3187 et
561 3130 744 3208 vituperare,
766 3143 840 3205 quae
857 3143 895 3184 ex
911 3125 1049 3186 confesso

41 3247 43 3290 q
61 3203 97 3262 aiu
128 3213 229 3290 turpia,
252 3222 371 3272 nonest
389 3214 513 3273 oratoris
531 3212 667 3272 cilicium.

42 3301 43 3304 ’
136 3290 206 3355 lllnd
224 3299 278 3357 iam
293 3314 393 3357 omnes
409 3297 550 3373 latentur,
575 3315 642 3357 esse
658 3297 845 3375 quaestiones
862 3296 890 3354 ia
905 3296 1075 3373 script04

67 3378 90 3428 et
127 3395 219 3439 .non
241 3384 402 3460 scripto;
423 3382 452 3440 in
472 3382 583 3460 scripto
605 3381 642 3440 de
659 3383 737 3458 iure,
758 3381 787 3439 in
808 3395 865 3438 non
884 3379 995 3456 scripto
1014 3378 1050 3438 de

80 3469 99 3514 θ.
137 3459 193 3524 'lud
208 3467 360 3530 rodooule
377 3466 434 3526 hoc
450 3466 548 3544 leqole
562 3482 655 3543 genus
670 3463 865 3541 Hermagoras
878 3470 969 3604 gitque
986 3480 1051 3522 eum

173 3567 281 3616 poturit.
