2446 3962
5 119 12 216 l

395 212 485 262 mrsu.
500 212 827 278 onnroc.nrs.1v,a.
1056 183 1115 264 177
1134 179 1135 182 ¹

4 313 6 352 t

4 359 8 432 l
110 367 194 444 beat,
218 367 243 426 si
260 369 432 444 contigerit,
453 367 539 428 etiam
557 385 647 428 rarae
664 367 751 431 alicui
768 369 811 430 rei
832 370 990 430 cohaereat
1007 377 1055 431 aut
1070 389 1115 432 ar-

4 435 8 489 l
109 459 263 532 grumento,
287 451 365 530 quod
386 452 423 510 sit
445 451 474 510 in
494 469 598 529 causa,
621 451 815 514 confirmetur.
856 450 928 514 Nam
954 472 1028 535 quae
1054 464 1116 516 tota

110 543 193 597 extra
209 552 271 594 rem
288 535 379 613 petita
395 543 475 612 sunt,
498 537 653 597 mentiendi
677 535 823 596 licentiam
838 538 972 616 produnt.
1008 535 1159 606 duran-90
1214 589 1215 592 ,

3 653 16 698 q
108 619 175 680 dum
196 620 373 697 praecipue,
397 617 495 698 (quod
521 620 695 698 lingentibus
725 619 896 701 frequenter
922 623 1051 702 excidit)
1077 641 1115 686 no

2 729 6 785 q
108 721 166 783 qna
186 705 263 764 inter
283 718 317 762 se
339 712 484 781 pugnent,
511 705 652 783 quaedam
682 705 756 765 enim
778 704 908 783 partibus
931 705 1116 768 blandiuntur
1198 743 1200 746 ·

109 787 162 847 sed
177 784 206 845 in
220 803 356 846 summam
372 803 429 846 nou
441 790 638 857 consentiunt;
654 797 821 866 praeterea,
836 807 873 848 ne
890 790 936 866 iis,
954 808 1029 869 quae
1044 810 1115 852 vera

108 887 178 931 esse
194 869 349 947 constabit,
368 871 492 933 adversa
511 873 586 942 sint;
603 874 632 932 in
655 871 757 932 schola
773 873 869 948 etiam,
885 891 922 932 ne
938 872 1023 934 color
1035 885 1157 942 extra91

3 947 5 994 t
107 953 235 1015 themata
248 964 412 1032 quaeratur.
443 950 606 1036 Utrobique
622 965 717 1017 autem
733 965 833 1017 orator
846 959 1011 1018 meminisse
1026 957 1116 1019 debe·

3 1047 4 1050 ’
108 1037 150 1099 bit
164 1040 280 1098 actione
295 1045 367 1115 tota,
384 1037 452 1118 quid
466 1039 591 1118 duxerit,
610 1041 744 1119 quoniam
762 1040 858 1100 solent
874 1041 1023 1118 excidere,
1041 1061 1116 1120 qnae

107 1119 182 1184 falsa
205 1130 285 1191 sunt;
304 1139 464 1203 verumque
482 1133 527 1184 est
542 1123 629 1201 illud,
654 1125 731 1204 quod
751 1124 841 1202 vulgo
859 1125 977 1202 dicitur,
999 1123 1115 1188 menda·

108 1223 173 1267 cem
193 1223 350 1266 memorem
368 1225 435 1266 esse
457 1217 606 1287 oportere.
645 1209 776 1269 Sciamus
791 1217 903 1286 autem,
921 1210 946 1268 si
961 1209 998 1268 de
1014 1220 1159 1277 uostrooa

94 1288 188 1360 ,facto
210 1299 380 1369 quaeratur,
404 1309 489 1350 unum
508 1289 592 1352 nobis
613 1291 721 1370 aliquid
749 1309 818 1352 esse
839 1292 1005 1360 dicandum:
1034 1295 1059 1354 si
1079 1294 1116 1356 de

107 1373 222 1449 alieno,
246 1376 360 1434 mittere
383 1376 412 1434 in
433 1372 517 1454 plura
538 1377 722 1455 suspiciones
737 1375 840 1437 licere.
873 1375 927 1436 Est
943 1387 1038 1438 tamen
1054 1380 1115 1457 qui·
1199 1437 1200 1442 ,

108 1459 231 1519 busdam
245 1457 430 1519 scholasticis
443 1462 663 1537 controversiis,
681 1461 710 1520 in
727 1461 831 1542 quibus
846 1463 973 1540 ponitur,
990 1461 1117 1540 aliquem
1215 1465 1217 1470 '

109 1559 167 1604 non
191 1543 373 1621 respondere
402 1543 479 1623 quod
504 1544 715 1622 interrogatur,
740 1543 859 1606 libertas
881 1548 975 1605 omnia
1000 1564 1115 1606 enume-

110 1627 200 1703 randi,
217 1645 292 1704 quae
313 1628 487 1706 responderi
506 1629 681 1707 potuissent.
717 1627 867 1707 Fingenda
886 1646 959 1689 vero
980 1633 1158 1694 nemine-93

111 1709 196 1770 rimus
211 1728 258 1786 ea,
276 1728 350 1789 quae
364 1728 423 1772 non
440 1712 544 1773 cadant
559 1714 714 1772 intestam.
747 1713 819 1773 Sunt
835 1721 930 1774 autem
940 1713 1025 1790 hacc,
1040 1733 1115 1794 quae

111 1811 129 1854 a
153 1803 253 1854 nostro
277 1794 409 1855 dicuntur
431 1796 542 1872 animo,
564 1797 644 1855 ouius
663 1797 719 1874 ipsi
740 1804 847 1857 tantum
871 1800 979 1858 conscii
1001 1817 1114 1868 sumus;

108 1880 178 1940 item
194 1878 271 1957 quod
290 1897 306 1938 a
325 1879 486 1956 delunotis,
506 1897 561 1939 nec
577 1878 635 1938 hoc
651 1880 726 1938 enim
741 1883 850 1958 estqui
865 1890 966 1958 neget3
987 1882 1115 1959 itemque
1207 1947 1209 1950 ,

106 1961 144 2024 ab
161 1980 199 2022 eo
217 1964 262 2022 cui
278 1962 353 2024 idem
368 1963 522 2042 expediet,
539 1966 564 2023 is
579 1963 655 2024 enim
669 1978 727 2024 non
741 1963 875 2042 negabit3
892 1963 927 2024 ab
946 1963 1115 2025 adversario

107 2063 242 2126 qnoque,
265 2047 331 2126 quia
353 2063 412 2107 non
434 2057 480 2107 est
495 2047 643 2108 habiturus
660 2047 689 2109 in
706 2049 840 2125 negando
857 2048 952 2109 fldem.
983 2048 1115 2110 Somnio·
1123 2056 1159 2112 94

107 2149 171 2191 rum
185 2139 216 2191 ct
231 2132 468 2209 superstitionum
480 2132 598 2192 colores
614 2134 678 2211 ipsa
693 2132 748 2192 iam
760 2133 901 2193 facilitate
914 2135 1116 2194 auctoritatem

107 2215 306 2294 perdiderunt.
337 2213 404 2276 Non
419 2225 465 2276 est
480 2224 576 2278 autem
591 2218 662 2277 satis
678 2216 707 2275 in
721 2218 887 2277 narratione
902 2218 943 2275 uti
955 2215 1115 2293 coloribus,

1 2343 2 2349 κ
106 2301 163 2360 nisi
179 2307 338 2378 pertatem
353 2301 497 2362 actionem
514 2301 707 2375 consentiant,
725 2316 788 2359 eum
804 2301 977 2378 praesertim
990 2315 1115 2378 quorun·

107 2384 173 2444 dam
193 2380 328 2462 probatio
352 2384 415 2446 sola
438 2386 475 2445 sit
495 2385 525 2446 in
546 2385 768 2444 asseveratione
789 2393 819 2445 et
833 2384 1069 2463 perseverantia:
1087 2393 1158 2448 ut9⁵

105 2467 158 2528 ille
177 2469 349 2546 parasitus,
372 2469 425 2548 qui
438 2475 485 2530 ter
505 2468 685 2531 abdicatum
705 2469 833 2531 adicite
852 2470 990 2531 incanam
1010 2476 1040 2530 et
1060 2469 1117 2530 ab·

105 2551 239 2614 solutam
260 2557 409 2630 tanquam
431 2569 520 2614 suam
537 2553 633 2634 filium
646 2554 775 2630 eccard,
799 2551 917 2613 habebit
936 2552 1051 2631 quidem
1067 2569 1116 2612 oo·

106 2635 218 2712 loram,
242 2653 299 2715 quc
323 2635 415 2714 dicat,
443 2646 702 2716 etpaupertatem
727 2636 782 2697 sibi
809 2654 925 2698 oausam
950 2637 1116 2715 exponendi
1208 2679 1210 2683 ,

105 2718 219 2795 fuisso,
245 2729 273 2779 et
293 2719 361 2780 ideo
377 2737 394 2780 a
409 2739 442 2780 se
457 2722 575 2800 parasiti
590 2729 746 2800 personam
763 2738 830 2781 asse
845 2726 1028 2798 susceptam,
1050 2722 1116 2799 qnia

105 2803 136 2864 in
151 2803 202 2864 illa
219 2803 305 2865 domo
323 2801 411 2864 lilium
427 2803 565 2874 haberet;
589 2813 618 2864 et
632 2805 699 2865 ideo
714 2803 794 2866 illum
808 2814 854 2864 ter
868 2807 1051 2864 innocentem
1066 2803 1115 2864 ab·
1220 2869 1221 2872 Ἴ

105 2887 243 2965 dicatum,
260 2889 325 2967 quia
343 2887 418 2948 filius
433 2889 592 2951 abdicantis
604 2906 662 2949 non
676 2898 766 2949 esset.
796 2885 859 2949 Nisi
874 2897 969 2948 tamen
984 2888 1013 2947 in
1027 2889 1115 2947 omni·
1123 2897 1157 2952 96
1219 2917 1222 2952 z

105 2971 162 3032 bus
176 2970 276 3032 verbis
291 2980 320 3032 et
336 2988 464 3033 amorem
479 2975 602 3053 patrium
623 2982 711 3053 atquc
726 2969 802 3034 bunc
818 2973 934 3051 quidem
948 2972 1115 3034 ardentissi·
1197 3015 1198 3018 ,

105 3073 184 3116 mum
201 3055 373 3133 ostenderit,
394 3058 534 3119 etodium
550 3057 646 3118 divitis
662 3066 691 3117 at
704 3066 810 3118 metum
827 3074 881 3136 pro
897 3059 1014 3134 iuvene,
1030 3073 1117 3135 quem
1201 3071 1218 3112 ς

137 3139 276 3200 rrieulcse
301 3155 465 3202 mansurum
488 3143 518 3201 in
538 3141 588 3202 illa
608 3141 711 3219 domo,
734 3143 840 3219 inqua
862 3150 920 3202 tam
942 3142 1051 3201 invisus
1067 3141 1115 3216 sit,

137 3225 197 3286 iat:
221 3226 388 3304 suspicione
407 3225 531 3288 subiecti
552 3227 686 3304 petitoris
708 3242 765 3287 uon
790 3225 910 3286 carebit.
942 3223 1048 3285 Evenit
1062 3222 1114 3284 ali·
1123 3229 1158 3286 97
1212 3225 1222 3286 J‘«

133 3307 223 3368 trando
243 3310 271 3367 in
286 3307 470 3371 scholasticis
487 3311 711 3387 controversiis,
734 3309 812 3389 quod
828 3310 858 3369 iu
878 3307 943 3370 foro
966 3325 1002 3368 an
1022 3307 1116 3386 possit
1220 3351 1221 3356 η

145 3391 246 3451 cidere
260 3391 371 3468 dubito,
386 3402 418 3454 ut
433 3394 536 3456 eodem
550 3393 653 3454 colore
667 3403 789 3472 utraque
805 3411 873 3472 pars
889 3401 994 3470 utatur,
1010 3390 1115 3452 deinde
1211 3413 1221 3452 t:

148 3493 174 3535 m
189 3492 243 3553 pro
259 3495 292 3536 se
309 3493 441 3556 quaeque
460 3476 614 3557 defendat,
636 3487 667 3538 ut
680 3480 710 3537 in
722 3477 771 3538 illa
787 3477 1005 3620 controvarqia:
1033 3473 1162 3538 Ucorttt

156 3579 181 3618 u.
192 3579 216 3617 r.
231 3579 343 3627 ournrrr..
924 3561 938 3618 1
1201 3575 1209 3594 ·’

1195 3697 1223 3721 1⁴„

1074 3833 1088 3859 'a
