2436 3956
187 223 227 287 38
506 236 867 296 uraapuurrrmam

186 391 272 452 simili
282 392 318 451 sit
328 388 483 450 utendum?
503 409 538 450 an
552 390 599 468 id,
616 391 652 452 de
668 409 725 471 quo
738 393 846 470 agitur,
864 392 906 467 ei,
925 392 961 452 de
976 409 1032 472 quo
1046 390 1160 469 scriptun

187 484 247 551 est,
265 475 357 534 simile
380 471 438 534 snt
469 475 568 536 Simile
583 484 677 536 autem
699 485 728 535 et
748 477 837 535 maius
854 484 899 535 est
920 484 948 534 et
970 493 1023 554 par
1038 483 1066 534 et
1079 476 1161 532 miuus.
1192 473 1193 502 r

186 558 217 618 ln
231 558 281 617 illo
298 560 413 637 priore,
435 576 470 618 an
486 561 555 619 satis
571 558 639 636 lege
656 569 767 620 cautum
784 555 840 619 siti
861 577 912 635 an,
935 561 989 619 etsi
1004 576 1098 637 parum
1111 573 1161 616 cau·

176 651 244 708 ,tum
265 650 326 717 est,
343 643 397 702 bac
417 644 453 701 sit
474 640 630 703 utendum?
670 642 701 702 In
722 651 846 722 utroque
862 643 899 702 de
914 643 1060 702 voluntate
1074 641 1162 717 legun·

186 725 296 786 latoris.
332 725 391 786 Sed
407 726 444 786 de
459 743 554 807 aequo
571 735 709 787 tractatus
728 727 929 806 potentissimi.

398 879 613 941 Atlantiadum,
630 881 663 930 ID
680 879 742 930 EST
759 880 970 932 nnsstourras

269 973 319 1035 lX.
350 974 609 1052 Amphiboliae
632 977 749 1054 species
765 985 830 1036 sunt
845 976 1081 1049 innumerabiles,
1096 972 1163 1044 adeo,

185 1069 215 1119 ut
236 1058 475 1137 pbilosophorum
497 1057 665 1136 quibusdam
684 1059 791 1118 nullum
813 1060 944 1121 videatur
966 1078 1034 1120 esse
1055 1055 1164 1128 rerbuu,

157 1163 175 1214 ν
187 1143 263 1222 quod
276 1157 332 1200 non
345 1141 426 1220 plura
439 1141 596 1219 significem
617 1160 725 1220 genera
737 1142 887 1202 admodum
902 1161 1005 1221 pauca.
1040 1143 1095 1202 dut
1108 1139 1164 1198 enin

187 1225 308 1286 vocibus
328 1224 432 1285 accidit
454 1226 616 1303 singulis
640 1233 687 1286 aut
707 1227 933 1286 coniunctis.

269 1309 422 1385 Singula
441 1309 563 1369 afferunt
581 1328 725 1385 errorem,
746 1309 953 1388 cumpluribus
970 1310 1057 1370 rebus
1072 1315 1115 1367 aut
1127 1305 1165 1363 ho

85 1420 89 1424 ²
184 1392 305 1453 minibus
322 1393 422 1452 eadem
440 1393 598 1471 appellatio
615 1402 660 1452 est
681 1355 849 1470 (ὁμωνυμία
860 1393 999 1493 dicitur),
1023 1401 1054 1452 ut
1068 1390 1163 1460 Gallus,

185 1494 266 1536 arem
287 1484 456 1552 augentem
480 1494 515 1535 an
537 1493 640 1535 nomen
662 1494 697 1535 au
718 1477 860 1536 fortunam
877 1479 1011 1554 torporis
1032 1473 1164 1553 significet,

184 1562 396 1626 incertumst:
425 1567 454 1618 et
474 1556 575 1634 Aiuc,
600 1558 783 1620 Telamonius
808 1577 843 1619 an
864 1558 942 1619 Oilei
964 1561 1049 1620 lilius.
1087 1553 1164 1616 Verba

156 1656 174 1710 3
186 1660 301 1726 quoquc
315 1641 453 1721 quaedam
467 1641 598 1702 diversos
610 1641 775 1702 intellectus
787 1643 908 1718 habeut,
924 1652 955 1702 ut
970 1662 1071 1706 cerno
1102 1639 1164 1733 91¹³·e

185 1725 354 1802 ambiguitas
373 1725 502 1804 plurimis
523 1728 615 1786 modis
632 1726 744 1786 accidit.
783 1725 865 1786 Unde
882 1727 944 1785 lere
967 1727 1051 1802 lites,
1073 1719 1164 1804 praeci·

185 1827 242 1889 pue
259 1827 297 1868 ex
310 1811 505 1910 testamentis,
525 1828 587 1870 cum
605 1811 640 1870 de
657 1810 790 1870 libertate
809 1818 856 1870 aut
872 1812 957 1869 etiam
974 1811 1010 1871 de
1027 1772 1164 1870 hbreditate

130 1901 136 1908 ’
185 1893 394 1954 contenduut‘'
375 1912 413 1970 n,
432 1893 535 1972 quibus
551 1894 625 1954 idem
637 1910 741 1953 nomen
756 1903 814 1961 est:
837 1903 901 1975 aut,
920 1894 989 1971 quid
1000 1897 1037 1954 sit
1049 1892 1164 2026 legatum,

155 1979 339 2056 aquaeritur
383 1977 514 2036 Alterum
537 1985 598 2052 est,
622 1979 649 2035 in
672 1993 729 2055 quo
752 1977 807 2036 alia
829 1977 944 2058 integro
964 1976 1056 2038 verbo
1079 1968 1164 2049 signifi·

184 2063 260 2120 catio
282 2070 328 2119 est
350 2060 405 2120 alia
421 2060 531 2135 diviso,
556 2070 586 2119 ut
599 2062 732 2138 ingenua
749 2069 777 2118 et
798 2068 1021 2122 armamentum
1036 2069 1064 2119 et
1080 2052 1165 2118 Corci-

182 2156 273 2213 ννννν,Ι
296 2145 411 2222 ineptae
434 2161 504 2202 sane
527 2143 734 2220 cavillationis,
760 2153 797 2202 ser
814 2161 868 2222 qua
885 2152 980 2204 tamen
997 2143 1098 2205 Graeci
1114 2153 1165 2198 cor·

183 2229 341 2288 troversias
355 2229 475 2289 ducunt:
496 2227 562 2286 inde
573 2227 647 2287 enim
658 2189 795 2307 αὐλητρὶς
807 2227 856 2287 illa
869 2227 1005 2305 vulgata,
1024 2245 1084 2287 cum
1096 2235 1165 2302 quae

183 2314 271 2387 nitur,
296 2310 401 2373 Utrum
417 2312 507 2387 aula,
526 2327 606 2390 quoe
626 2320 673 2372 ter
692 2313 856 2389 ceciderit,
878 2330 920 2372 aa
933 2313 1075 2387 tibicina,
1091 2310 1117 2369 ri
1127 2321 1165 2364 tt·

157 2395 314 2472 sciderit,
335 2396 445 2456 debeat
463 2396 629 2472 publicari
673 2393 771 2454 Tertia
788 2403 832 2454 est
853 2413 890 2454 ex
906 2396 1091 2474 compositus
1110 2396 1135 2447 ut
1147 2399 1165 2441 ⁵¹

184 2479 248 2556 quis
267 2494 373 2555 corpus
395 2495 475 2535 suum
491 2478 599 2537 inculto
617 2478 685 2537 loco
707 2479 776 2556 poni
796 2478 909 2553 iubeat,
935 2479 1070 2556 circaque
1084 2484 1164 2534 mont·

141 2625 147 2630 ,
183 2568 307 2620 mentum
330 2558 447 2619 multum
472 2563 534 2637 agri
555 2561 590 2620 ab
612 2559 798 2621 heredibus'
790 2581 818 2621 rn
841 2562 960 2622 tutelam
983 2564 1119 2631 cinerum,
1144 2554 1166 2607 tl

157 2644 297 2720 fisolent,
323 2645 420 2722 leget,
445 2646 481 2703 sit
507 2645 564 2704 litis
587 2648 704 2705 occasio
728 2647 849 2708 cultum.
888 2646 938 2706 Sic
957 2645 1033 2724 apud
1056 2643 1164 2704 Graecos

184 2726 454 2789 contenduntAluv
464 2737 492 2787 et
501 2727 696 2806 Πανταλέων,
709 2747 771 2791 νυνι
785 2732 926 2809 scriptura
939 2729 1024 2794 dubia
1032 2735 1093 2801 est,
1105 2721 1165 2780 bont

184 2815 276 2872 omnia
293 2811 401 2873 Λέοντι
418 2831 453 2872 an
466 2812 541 2872 bona
554 2812 692 2873 Hcmci'
662 2817 753 2874 lacon
769 2813 872 2873 relicta
887 2815 952 2872 siut.

267 2895 299 2956 ln
323 2897 535 2956 coniunctis
558 2896 623 2974 plus
644 2897 845 2974 ambiguitatis
886 2895 931 2956 Fit
953 2905 1047 2955 autem
1063 2907 1113 2970 per
1130 2897 1165 2943 tt

185 2999 247 3039 sus:
270 2989 301 3038 ut

155 3069 170 3123 t
332 3059 390 3124 Aio
405 3070 449 3139 tc,
466 3061 624 3140 Aeacida,
641 3065 795 3126 Romanos
807 3066 931 3126 vincere
941 3082 1040 3144 posse.

174 3146 239 3206 Per
255 3147 495 3222 collocationem,
513 3147 561 3205 ubi
576 3147 689 3207 dubium
702 3157 762 3224 est,
777 3146 843 3226 quid
853 3164 910 3226 quo
922 3147 1026 3208 reierri
1038 3139 1164 3221 oporteat

184 3248 218 3289 ac
239 3230 488 3310 frequentissime,
511 3249 573 3289 curn
592 3231 636 3306 id,
658 3232 735 3309 quod
749 3232 872 3292 medium
888 3241 933 3290 est
941 3231 1096 3308 ‚utrinque
1110 3232 1163 3299 p⁰s

183 3314 220 3372 sit
235 3315 325 3390 trahi,
348 3322 378 3373 ut
404 3314 440 3373 de
457 3313 556 3373 Troilo
570 3313 736 3392 Vergilius,
756 3314 838 3378 Lora
853 3324 958 3378 teneas
975 3323 1072 3377 tumea
1084 3339 1120 3350 -
1131 3329 1161 3345 ‘

183 3397 251 3474 llic,
279 3407 372 3458 utrum
394 3407 492 3458 teneat
511 3407 606 3458 tamen
625 3399 705 3476 lora,
734 3417 785 3476 an,
814 3401 942 3478 quamvis
957 3403 1065 3469 teneat,
1085 3395 1163 3449 tanen
1177 3395 1193 3438 .’

155 3481 326 3560 Strabatur,
343 3483 442 3560 quaeri
459 3490 565 3561 potest.
595 3482 678 3542 Unde
695 3484 892 3545 controversia
906 3482 973 3560 illa,
997 3471 1164 3541 rossanam
1192 3517 1193 3530 t
