2508 3958
206 232 227 294 4
523 244 884 305 Μ.ΜΒ.ᾳυιΝτῐιῐΑΝι

207 404 261 473 est,
278 414 334 476 qua
350 396 483 457 iudicium
499 398 536 456 sit
552 399 744 458 constitutum.
783 397 854 461 Nam
875 401 1016 479 quaedam
1039 401 1067 458 in
1087 400 1207 462 schola·

205 481 286 539 sticis
302 490 445 558 ponuntur
469 481 504 540 ad
522 480 749 559 coniungendam
769 485 855 544 moda
875 493 957 543 natae
972 485 1015 543 rei
1033 485 1158 559 seriem,
1178 495 1207 544 ut

186 571 290 641 'putat
306 561 487 643 Expositum
509 566 562 642 qui
582 568 749 644 agnouerit,
772 568 876 628 solutis
896 569 1048 628 alimentis
1062 570 1207 644 recipiat.

204 644 307 707 Mimas
328 649 408 709 dicto
424 650 598 709 audientem
623 649 718 727 pilium
747 650 839 710 liceat
857 651 1018 712 abdicare.
1063 647 1123 722 Oui
1151 671 1207 712 ee-

200 731 331 808 positum
345 733 470 810 reecpit,
492 733 622 810 imperat
640 735 668 792 ei
684 733 807 810 nuptias
822 733 980 812 locupletis
992 735 1190 812 propinquae
1196 757 1207 801 ‚-

164 815 253 882 15ilte
272 815 388 877 ducere
406 816 469 875 anit
484 815 580 892 filiam
600 818 751 894 pauperis
773 818 958 878 educatoris.
1014 815 1075 876 Lex
1102 816 1140 876 de
1159 835 1204 876 ex·

204 898 307 975 positis
327 899 362 959 ad
386 899 520 958 affectum
536 901 673 975 pertinet;
696 900 829 959 iudicium
850 899 957 978 pendet
983 917 1020 958 ex
1041 900 1111 975 lege
1128 900 1204 959 abdi·

205 982 335 1040 cationis.
365 980 428 1040 Nec
443 989 537 1040 tamen
552 999 668 1058 semper
688 1000 724 1040 ex
741 1000 796 1042 una
813 983 880 1060 lege
898 985 1029 1061 quaestio
1046 991 1109 1058 est,
1135 992 1167 1041 ut
1180 986 1203 1041 in
1224 1039 1225 1052 ,

204 1054 365 1138 insuauia.
397 1063 447 1122 His
463 1065 601 1140 spectatis
617 1063 778 1142 apparebit,
796 1067 873 1125 cirea
889 1085 963 1144 quae
979 1083 1074 1144 pugna
1091 1067 1141 1124 sit.

162 1159 195 1214 16
286 1144 444 1206 Coniuncta
461 1146 663 1222 defensio'est,
682 1148 773 1226 qualis
790 1166 843 1226 pro
860 1149 996 1208 Rabirio:
1018 1148 1055 1208 Si
1071 1151 1202 1210 occidis·

202 1237 258 1307 set,
279 1239 362 1292 reete
380 1233 522 1309 fecissem
543 1233 600 1292 sed
619 1251 679 1292 nou
694 1233 814 1296 occidit.
855 1232 910 1292 Ubi
931 1249 1002 1292 vero
1025 1232 1115 1290 multa
1141 1249 1201 1292 eon·
1224 1237 1225 1276 t

203 1323 350 1372 treunam
378 1315 767 1392 propositionem‘dicimus:
796 1316 979 1392 cogitandum
1006 1325 1051 1374 est
1073 1317 1201 1393 primum,

203 1397 339 1474 quidquid
355 1398 412 1456 diei
435 1406 545 1474 potest;
568 1407 626 1456 tum
648 1416 684 1455 ex
701 1398 754 1471 his,
777 1414 834 1474 quo
851 1399 976 1476 quidque
995 1398 1063 1457 loco
1083 1399 1143 1457 dici
1159 1417 1200 1456 ex·

202 1478 309 1555 pediat,
327 1479 540 1539 aestimandum.
578 1479 610 1537 In
626 1496 682 1556 quo
698 1495 755 1536 nou
770 1480 846 1537 idem
864 1482 974 1554 sentio,
992 1479 1069 1558 quod
1086 1480 1126 1538 de
1143 1496 1199 1558 pru·

202 1561 392 1638 positionibus
411 1561 497 1638 paulo
514 1571 590 1636 ante,
608 1561 744 1640 quodque
760 1562 797 1622 de
813 1563 987 1639 argumentis
1004 1561 1200 1640 probationum

204 1644 271 1703 loco
289 1645 440 1718 concessi,
468 1661 557 1721 posse
585 1645 739 1723 aliquando
767 1661 820 1704 nos
844 1647 972 1723 incipere
988 1663 1003 1704 a
1021 1645 1199 1705 firmioribus.

159 1725 273 1789 ltNam
294 1729 337 1786 vis
360 1729 558 1807 quaestionum
581 1746 772 1806 percresoere
793 1727 881 1787 debet
904 1738 933 1786 et
954 1728 989 1788 ad
1005 1731 1201 1806 potentissima

203 1808 238 1868 ab
264 1811 460 1870 infirmissimis
482 1813 654 1889 pervenire,
676 1813 738 1870 sive
762 1820 827 1870 sunt
849 1812 976 1871 eiusdem
1001 1814 1123 1887 generis
1148 1814 1200 1870 siue

159 1903 192 1956 18
203 1893 320 1952 diversi.
354 1893 426 1953 Iuris
443 1902 538 1953 autem
554 1896 739 1971 quaestiones
755 1894 851 1954 solent
867 1913 934 1954 esse
951 1910 1156 1972 nonnunquam
1171 1909 1200 1951 ex

199 1959 268 2034 biis
285 1987 372 2055 atque
394 1977 457 2036 aliis
474 1974 720 2051 condictionibus,
745 1976 813 2035 iacti
829 1994 947 2054 semper
961 1975 1036 2035 idem
1053 1985 1198 2054 spectant:
1224 1993 1225 2046 1

203 2061 231 2116 in
248 2069 371 2136 utroque
386 2077 497 2134 genere
513 2058 612 2118 similis
629 2058 700 2117 ordo
720 2067 773 2117 est.
820 2059 878 2118 Sed
898 2060 978 2136 prius
1002 2058 1038 2116 de
1063 2058 1199 2118 dissimili·
1224 2061 1225 2074 ¹

202 2140 267 2217 bus,
291 2142 446 2220 exquibus
469 2142 686 2200 infirmissimum
707 2141 832 2219 quidque
850 2143 969 2219 primum
985 2142 1104 2201 tractari
1123 2158 1200 2220 opor·

204 2233 259 2300 tet,
284 2227 350 2286 idea
367 2225 442 2303 quad
459 2225 595 2303 quasdam
613 2226 798 2302 quaestiones
817 2226 932 2284 executi
954 2224 1062 2284 donare
1079 2225 1201 2285 solemus

203 2317 233 2368 et
255 2311 434 2375 concedere:
466 2325 560 2387 neque
583 2310 657 2367 enim
678 2310 800 2367 transire
822 2309 857 2367 ad
880 2307 950 2366 alias
974 2324 1133 2385 possumus
1156 2305 1201 2366 nisi

163 2407 196 2462 19
204 2393 317 2450 omissis
334 2392 487 2470 prioribus.
537 2390 621 2464 Quod
639 2393 731 2468 ipsum
747 2393 784 2450 ita
802 2392 864 2450 fieri
881 2400 1013 2468 oportet,
1040 2407 1098 2448 non
1116 2389 1200 2451 utda·

203 2492 317 2533 mnasse
336 2493 386 2534 eas
402 2475 552 2534 videantur
567 2475 619 2532 sed
636 2476 778 2550 omisisse,
797 2476 862 2552 quia
881 2475 1025 2552 possimus
1042 2477 1133 2534 etiam
1150 2475 1201 2533 sine

204 2559 247 2616 eis
267 2561 395 2617 vincere.
442 2555 631 2618 Procurator
653 2559 784 2618 adonius
809 2559 972 2636 pecuniam
995 2559 1071 2636 petit
1098 2577 1143 2618 em
1163 2557 1201 2635 fe·

202 2660 278 2702 nore
298 2643 505 2703 hereditario:
534 2649 632 2718 potest
656 2641 783 2700 incidere
805 2642 953 2719 quaestio,
976 2639 1025 2699 An
1047 2641 1122 2701 buia
1147 2657 1202 2702 esse

160 2743 196 2796 20
203 2735 437 2804 procuratorem
460 2726 575 2786 liceat?
620 2721 712 2800 Finge
741 2742 811 2800 nos,
839 2732 992 2801 postquam
1020 2727 1201 2784 tractavimus

205 2826 278 2884 eam,
294 2811 441 2869 remittere
459 2808 508 2888 vei
524 2809 608 2867 etiam
625 2809 772 2867 convinci:
795 2816 966 2885 quaeretur,
992 2803 1038 2866 Aa
1062 2809 1101 2882 ei,
1125 2809 1202 2867 cuim

203 2894 322 2953 nomine
337 2894 489 2970 litigatur,
506 2899 742 2969 procuratorem
757 2891 891 2952 baberrdi
911 2893 950 2950 sit
966 2891 1037 2949 ius?
1068 2888 1201 2950 Discede·

203 2992 265 3032 mus
283 2975 349 3034 hina
364 2992 500 3052 quoque:
517 2975 621 3053 recipit
631 2975 750 3034 materia
761 2975 970 3053 quaestionem,
983 2969 1031 3034 An
1041 2973 1103 3048 iile,
1122 2975 1202 3034 cuins

203 3060 323 3119 nomine
346 3060 464 3136 agitur,
486 3059 575 3118 iteres
593 3059 632 3117 sit
655 3058 862 3136 feneratoris?
884 3075 932 3139 aa·
950 3075 989 3116 ea
1008 3075 1079 3117 asse
1097 3053 1201 3116 iteres?

163 3140 283 3212 21Haee
312 3157 429 3219 quoque
463 3157 606 3200 concessa
637 3142 707 3200 siut:
740 3149 911 3218 quaeretur,
942 3136 991 3200 An
1032 3135 1199 3200 debeatur?

207 3222 313 3284 Contra
336 3241 420 3284 nemo
444 3233 500 3284 tam
522 3224 640 3284 demens
664 3224 767 3298 tuerit,
790 3232 820 3283 ut
841 3223 889 3299 id,
917 3223 994 3302 quod
1019 3222 1200 3282 firmissimum

206 3308 320 3368 duxerit
344 3327 378 3367 se
400 3307 525 3382 babere,
547 3308 673 3366 remittat
688 3315 716 3366 et
732 3307 768 3367 ad
784 3307 896 3367 leviora
912 3305 1106 3366 transcendat.
1134 3302 1200 3383 Huic

206 3391 235 3449 in
256 3392 356 3451 sabula
381 3392 473 3451 simile
498 3398 551 3449 est:
579 3387 646 3451 Nan
667 3391 830 3452 abdicabis
851 3391 1050 3468 adamatum,-
1074 3397 1106 3448 ut
1126 3389 1199 3448 dunc

206 3489 342 3552 quaque:
365 3481 431 3537 'non
445 3476 545 3538 airum
556 3473 686 3553 famem,-
706 3481 739 3536 ut
759 3481 787 3534 et
803 3474 930 3552 fortem:
956 3491 1015 3533 reon
1036 3474 1199 3551 quicunque
