2494 3952
183 203 245 267 ιιι
501 213 539 262 ιι.
553 211 632 260 sun.
649 211 870 272 Qururrmaur

179 369 302 450 tharcho
318 387 353 430 au
369 368 486 447 Scopae
503 368 638 447 scriptum
654 366 691 425 sit
710 365 738 426 id
759 383 888 433 carmem
913 374 942 426 et
959 365 1090 426 Pharsali
1106 365 1197 425 inerit

180 454 254 514 haec
272 454 384 527 domus,
400 460 431 510 ut
445 453 509 528 ipse
526 451 649 528 quodam
664 449 732 509 loco
749 449 913 526 significare
930 449 1097 510 Simonides
1112 450 1195 509 vide·

179 545 226 597 tur
241 544 328 615 atque
343 534 544 613 Apollodorus
560 542 589 593 et
603 531 813 596 Eratosthenes
829 541 858 592 et
870 530 1039 610 Euphorion
1058 543 1089 592 et
1100 533 1196 592 Laris·

181 636 268 679 saeus
279 617 445 696 Eurypylus
456 616 642 692 tradiderunt,
660 633 696 674 an
714 613 859 689 Granone,
874 623 905 674 ut
919 614 1045 694 hpollas
1059 614 1195 676 Callima·

139 713 173 765 15
183 703 266 777 chus,
285 719 370 780 quem
386 710 503 760 secutus
520 696 625 759 Cicero
641 697 716 758 hanc
731 698 834 759 lamam
850 697 935 757 latius
949 698 1031 759 indit.
1066 699 1195 777 Scopam

182 786 310 846 nobilem
326 784 498 845 Thessalum
514 783 638 862 periisse
654 784 682 841 iu
700 800 736 842 eo
754 783 887 841 convivio
906 791 1033 850 constan
1062 782 1195 843 adiicitur
1226 791 1227 804 ³

182 871 293 930 sororis
310 869 373 928 eius
390 867 481 934 iilius;
505 875 604 945 putant
627 875 656 926 et
676 875 757 925 ortos
772 865 932 944 plerosque
951 865 987 925 ab
1006 866 1065 926 alio
1083 867 1193 944 Scopa,

140 961 173 1016 16
182 953 229 1031 qui
246 953 337 1012 maior
354 959 449 1010 aetate
465 949 561 1009 suerit.
593 948 761 1026 Quanquam
778 948 846 1009 mihi
861 957 950 1008 tutum
967 949 1004 1009 de
1020 949 1195 1024 Tyndaridis

181 1034 343 1095 fabulosum
360 1033 489 1108 videtur,
513 1051 607 1111 neque
632 1034 746 1092 omnino
764 1031 847 1092 huius
867 1034 911 1092 rei
925 1033 1053 1092 meminit
1074 1049 1194 1112 usquam

183 1128 271 1198 poeta
289 1119 353 1197 ipse
369 1117 504 1195 proiecto
520 1134 577 1176 nou
594 1118 732 1177 taciturus
747 1115 783 1176 de
798 1123 876 1176 tanta
892 1133 943 1174 sua
959 1116 1065 1194 gloria.

139 1207 175 1265 17
265 1199 311 1260 Ex
333 1202 390 1261 hoc
407 1201 561 1260 Simonidis
586 1201 663 1260 lacto
685 1207 811 1260 notatum
825 1199 953 1274 videtur,
977 1201 1070 1260 iuvari
1087 1216 1193 1258 memo·

181 1285 253 1346 rium
281 1286 402 1362 signatis
429 1286 521 1344 animo
549 1280 686 1359 sedibus,
716 1283 804 1361 idque
832 1282 956 1342 credere
986 1299 1039 1342 suo
1071 1285 1191 1362 quisquc

183 1371 394 1447 experimento.
432 1367 504 1427 Num
524 1385 587 1426 cum
610 1369 637 1426 in
659 1364 725 1427 loca
746 1367 842 1444 aliqua
866 1374 933 1444 post
948 1375 1064 1445 ternpus
1080 1369 1192 1426 reversi

182 1471 293 1511 sumus:
318 1469 375 1511 non
400 1453 463 1529 ipsa
484 1451 667 1527 agnoscimus
689 1459 796 1510 tantum
817 1449 986 1526 sedetiam,
1012 1468 1090 1530 quae
1107 1449 1191 1510 inhio

182 1537 353 1610 fecerimus,
375 1535 585 1593 reminiscimur
601 1551 807 1613 personaeque
831 1533 968 1608 subeunt,
990 1549 1191 1614 nonnunquam

182 1619 287 1678 tacitae
304 1634 420 1696 quoque
439 1619 633 1694 cogitationes
649 1620 677 1678 iu
690 1627 816 1678 ruentem
832 1625 1024 1677 revertuntur.
1056 1615 1135 1680 Nata
1151 1625 1191 1677 est

140 1701 283 1779 usigitur,
313 1711 342 1762 ut
362 1703 390 1760 in
410 1700 577 1780 plerisque,
602 1720 649 1762 ars
670 1702 706 1762 ab
730 1703 939 1779 experimento.
976 1700 1056 1760 hoca
1081 1701 1190 1761 discunt

183 1803 268 1864 quam
282 1787 406 1845 maxime
422 1787 564 1864 spatiosa,
584 1786 671 1847 multa
686 1785 828 1845 varietate
846 1785 968 1862 signata,
986 1785 1104 1844 domum
1119 1783 1188 1844 forte

181 1878 358 1946 magnumst
375 1871 403 1928 in
420 1869 524 1928 multos
547 1871 688 1931 diductam
706 1887 853 1928 recessus.
886 1867 918 1927 ln
936 1886 970 1928 ea
988 1867 1129 1947 quidquid
1143 1884 1187 1926 no·

182 1953 272 2012 tabile
289 1963 349 2027 est,
373 1955 467 2012 animo
489 1953 643 2029 diligenter
667 1953 808 2030 affigitur,
831 1960 862 2011 ut
878 1953 940 2011 sine
957 1953 1144 2012 cunctatione
1158 1969 1187 2010 ac

182 2051 262 2094 mora
280 2045 377 2113 pnrtes
400 2037 462 2095 eius
484 2052 585 2096 omnes
601 2037 738 2114 cogitatio
755 2037 848 2114 possit
863 2053 1051 2114 percurrere.
1083 2033 1122 2095 Et
1136 2035 1187 2114 pri·

182 2137 244 2177 mus
260 2117 307 2178 hic
325 2117 408 2179 labor
424 2129 482 2194 est,
507 2138 564 2179 nou
580 2121 705 2180 haerere
726 2121 755 2178 lu
770 2136 904 2178 occursu.
934 2118 1003 2178 Plus
1017 2118 1094 2178 enim
1110 2135 1185 2198 quam

182 2202 262 2262 firma
284 2202 373 2262 debet
395 2220 462 2263 esse
483 2205 638 2278 memoria,
666 2221 740 2282 quae
767 2202 851 2262 aliam
872 2201 1039 2262 memoriam
1065 2202 1185 2262 adiuret.

141 2283 269 2360 19Τιιιιι,
298 2304 372 2364 quae
400 2288 579 2365 scripserunt
604 2287 654 2346 vel
681 2287 857 2363 cogitatione
883 2285 1135 2364 complectuntur,
1163 2293 1187 2344 et

183 2369 278 2444 signo,
296 2385 352 2446 quo
369 2379 548 2446 moneantur,
570 2379 681 2438 notant;
701 2370 778 2448 quod
795 2386 862 2429 esse
879 2369 929 2429 vel
947 2387 1033 2429 exre
1049 2377 1112 2430 tota
1129 2377 1187 2448 pot·

184 2460 246 2526 est,
268 2460 298 2510 ut
318 2453 355 2512 de
372 2454 573 2537 navigatione,
598 2455 713 2528 militia,
737 2453 786 2513 vel
803 2471 841 2512 ex
861 2453 954 2513 verbo
972 2451 1081 2530 aliquo.
1122 2452 1187 2512 Nam

183 2535 269 2594 etiam
287 2535 456 2595 excidentes
470 2537 554 2596 unlus
570 2537 763 2597 admonitione
779 2537 863 2596 verbi
879 2537 907 2596 in
921 2538 1090 2597 memoriam
1106 2553 1185 2615 repo·

182 2626 293 2679 nuutur.
329 2619 372 2679 Sit
387 2628 481 2680 autem
497 2621 608 2699 signum
624 2622 813 2698 navigationis
830 2630 861 2680 ut
878 2637 1002 2696 ancora,
1028 2621 1146 2681 militiae
1160 2628 1186 2678 ut

140 2701 289 2780 toaliquid
311 2721 348 2762 ex
364 2704 459 2764 armis.
498 2704 579 2764 llaec
595 2705 633 2764 ita
649 2703 791 2782 digerunt.
829 2704 952 2764 Primum
970 2721 1087 2764 sensum
1103 2705 1185 2764 vesti·
1225 2757 1227 2782 4

183 2783 252 2844 bulo
269 2787 350 2864 quasi
366 2789 530 2865 assignent,
548 2788 704 2848 secundum
727 2790 820 2865 atrio,
844 2798 902 2848 tum
918 2787 1056 2865 impluvia
1072 2789 1185 2848 circum·
1226 2783 1227 2794 ’

183 2877 266 2944 eunt,
285 2887 341 2929 nec
357 2870 497 2932 cubiculis
511 2872 598 2932 modo
615 2880 662 2933 aut
678 2871 797 2932 exedris
813 2872 866 2932 sed
882 2873 983 2932 statuis
1007 2872 1094 2932 etiam
1116 2871 1184 2930 simi·

182 2950 317 3030 libusque
332 2971 387 3031 per
404 2955 534 3015 ordinem
550 2957 735 3016 committunt.
766 2955 830 3016 lloc
846 2955 941 3030 iacto,
961 2971 1024 3015 cum
1043 2963 1091 3014 est
1105 2973 1184 3034 repe·

181 3035 268 3095 tenda
288 3038 442 3114 memoria,
467 3039 604 3117 incipiunt
625 3039 662 3100 ab
684 3040 764 3099 initio
788 3040 854 3100 loca
871 3039 946 3098 haec
963 3055 1138 3114 recensere,
1160 3047 1184 3097 et

184 3118 261 3198 quod
277 3121 381 3198 cuique
398 3121 583 3183 crediderunt
600 3132 775 3202 reposcunt,
791 3131 822 3184 ut
838 3140 941 3183 eorum·
951 3123 1078 3200 imagine
1095 3122 1182 3183 admo·

182 3212 294 3263 nentur.
326 3203 384 3280 lta,
407 3206 564 3284 quamlibet
579 3207 666 3267 multa
681 3208 753 3282 sint,
776 3223 898 3285 qnorum
919 3207 1087 3266 meminisse
1104 3221 1182 3285 opor·

183 3296 259 3363 teat,
276 3287 345 3348 hunt
362 3289 476 3366 singula
490 3308 566 3351 nexa
584 3291 670 3352 etiam
685 3292 809 3369 quodam
826 3291 919 3366 corio,
936 3307 992 3350 uec
1008 3298 1106 3350 errant
1121 3307 1180 3349 con·

139 3379 173 3431 21
182 3371 334 3447 iungentes
357 3373 502 3450 prioribus
523 3375 674 3453 sequentia
696 3373 761 3434 solo
785 3373 934 3436 ediscendi
958 3373 1071 3435 labore.
1106 3369 1181 3446 Quod

184 3452 220 3513 de
236 3454 321 3514 domo
337 3456 414 3533 dixi,
435 3466 464 3517 et
486 3459 514 3517 in
535 3458 674 3537 operibus
696 3460 821 3540 publicis
846 3467 875 3518 et
890 3459 918 3518 in
934 3459 1037 3518 itinere
1052 3455 1140 3534 longo
1156 3462 1181 3515 et
