2494 3952
182 201 241 264 ¹88
489 215 526 262 ιι.
549 213 627 261 ιιι.
650 211 871 272 ιιιιιιιιιιι

181 379 312 451 quartam
337 369 512 430 elocutionis
532 363 639 428 Cicero
667 367 863 443 demonstrat,
891 383 1027 446 quaeque
1050 373 1095 426 est
1114 381 1178 425 meo

152 453 299 534 tquidem
325 454 432 514 iudicio
455 451 779 514 maximenecessaria.
812 447 885 510 Nam
914 469 979 510 cum
1005 449 1043 509 sit
1067 457 1179 510 omatns

91 589 98 602 r
181 538 320 597 orationis
345 537 442 597 rarius
469 544 499 596 et
524 535 675 614 multiplex
700 537 913 613 conveniatque
937 535 1011 595 alius
1037 533 1103 614 alii:
1129 531 1179 590 nisi

181 622 268 680 buerit
291 620 526 682 accommodatus
547 619 744 702 rebusatque
766 621 917 698 personis,
939 635 999 678 non
1022 615 1108 678 modo
1128 631 1180 674 nou

181 705 336 766 illustrabit
351 721 415 765 eam
426 703 480 764 sed
495 705 580 764 etiam
597 703 727 762 destruet
741 711 771 762 ct
785 703 842 762 vim
857 719 953 762 rerum
966 703 996 762 in
1013 699 1181 760 contrarium

180 797 286 849 vertet.
319 786 395 861 onio
410 788 485 848 enim
502 787 639 866 prodest,
663 804 732 846 esse
754 785 845 846 verba
868 795 899 846 et
912 785 1014 848 Latina
1032 794 1063 844 et
1077 782 1179 860 signiti-

182 873 286 945 cantia,
304 890 371 932 esse
387 881 416 931 et
430 871 519 931 nitida
535 871 634 948 liguris
650 871 736 929 etiam
751 871 935 950 numerisque
952 869 1118 943 elaborata,
1133 865 1182 924 nisi

182 975 246 1017 cum
263 957 314 1031 iis,
337 959 366 1016 in
381 974 456 1035 quoe
471 956 596 1016 iudicem
612 954 678 1013 duci
693 953 870 1033 formarique
885 953 1038 1030 volumus,
1064 968 1180 1012 consen·

152 1043 266 1106 atiant:
301 1041 325 1099 si
348 1057 442 1117 genus
465 1038 588 1098 sublime
609 1037 724 1098 dicendi
751 1040 849 1115 parvis
872 1039 901 1097 in
926 1039 1041 1112 causis,
1069 1051 1180 1116 parvum

181 1125 366 1203 limatumque
377 1121 554 1200 grandibus,
571 1121 677 1183 lactum
692 1121 837 1197 tristibus,
853 1121 920 1182 lene
941 1122 1076 1201 asperis,
1093 1120 1180 1178 minax

181 1207 377 1287 supplicibus,
401 1208 581 1266 summissum
595 1207 765 1284 annullatis,
781 1216 848 1265 trux
863 1216 949 1285 atque
967 1205 1131 1266 violentum
1145 1203 1180 1260 iu·

182 1291 282 1352 cuudis
309 1289 517 1352 adhibeamus?
550 1289 588 1350 Ut
612 1289 765 1349 monilibus
794 1299 824 1349 et
849 1291 1016 1368 margaritis
1043 1305 1080 1350 ac
1105 1293 1180 1346 reste

182 1376 284 1452 longa,
311 1393 386 1453 quae
411 1384 475 1434 sunt
496 1383 662 1434 ornamenta
685 1375 868 1449 leminarnm‚
894 1374 1097 1435 deformentur
1118 1369 1178 1432 virit

181 1477 237 1518 nec
251 1457 363 1518 babitus
379 1458 567 1537 triumphalis,
585 1474 643 1537 quo
659 1458 727 1518 nibil
740 1458 902 1536 excogitari
915 1467 1014 1536 potest
1027 1455 1178 1534 augustius,

152 1543 303 1603 lieminas
326 1543 440 1602 deceat.
471 1541 553 1601 lluno
579 1541 675 1601 locum
696 1539 802 1602 Cicero
830 1542 958 1602 breviter
981 1534 1123 1616 intortio
1147 1533 1178 1595 de

181 1625 305 1686 Oratore
327 1625 403 1685 libro
429 1625 613 1705 perstringit,
639 1644 735 1706 neque
756 1635 852 1686 tamen
873 1627 966 1687 rideri
988 1633 1092 1706 potest
1107 1619 1177 1700 quid·

181 1727 266 1790 quam
282 1710 415 1770 omisisse
441 1711 583 1786 dicendo,
605 1729 665 1772 ιιι
688 1713 770 1772 omni
796 1727 914 1773 causae
932 1728 1035 1790 neque
1052 1701 1178 1770 auditori

180 1810 279 1872 neque
295 1813 449 1874 personae
469 1811 567 1874 neque
586 1796 715 1874 ternpori
735 1813 907 1874 comqruere
925 1795 1080 1858 orationis
1094 1804 1177 1852 coam

179 1897 286 1956 penae.
316 1877 382 1948 Nec
403 1879 467 1939 iere
493 1879 625 1958 pluribus
650 1880 679 1938 in
700 1877 825 1940 Oratore
851 1879 961 1939 eadem.
994 1878 1057 1940 Sed
1078 1869 1175 1936 illiob.

183 1959 323 2037 Crassus,
348 1973 412 2022 cum
435 1964 511 2042 apud
527 1980 653 2022 summos
669 1971 802 2030 oratores
816 1963 1009 2042 hominesque
1026 1955 1174 2022 eruditissi-

181 2061 244 2105 mos
260 2046 347 2122 dicat,
364 2047 434 2106 satis
448 2047 553 2123 babet,
573 2056 685 2126 partem
700 2046 870 2108 bancvelut
884 2056 986 2108 notare
1003 2049 1080 2107 inter
1097 2055 1175 2119 agno·

153 2135 314 2198 5sceutes;
339 2139 369 2190 et
388 2130 436 2190 bic
459 2130 564 2191 Cicero
585 2131 739 2211 alloquens
754 2131 870 2192 Brutum
887 2140 1011 2192 testatur
1027 2147 1096 2191 esse
1111 2127 1174 2186 baec

183 2215 211 2273 ei
226 2223 293 2276 nota
313 2215 440 2294 ideoque
457 2215 573 2275 brevius
589 2233 604 2276 a
622 2234 656 2276 se
672 2216 745 2292 dici,
773 2233 935 2295 quanquam
952 2216 989 2275 sit
1004 2215 1087 2276 lusus
1102 2211 1175 2271 locus

182 2306 378 2377 tracteturque
393 2317 409 2358 a
425 2298 608 2378 pbilosophis
623 2299 719 2360 latius.
752 2299 813 2359 Nos
836 2293 1044 2362 institutionem
1058 2291 1176 2378 professi

183 2397 240 2440 non
266 2381 358 2440 solum
385 2382 543 2442 scientibus
569 2385 622 2444 ista
645 2384 699 2444 sed
726 2385 811 2443 etiam
834 2384 1013 2445 discentibus
1036 2381 1174 2447 tradimus

181 2464 308 2542 ideoque
326 2464 414 2543 paulo
433 2465 564 2543 pluribus
581 2467 679 2526 uerbis
695 2467 785 2528 debet
803 2467 905 2529 baberi
921 2469 1016 2528 venia.

154 2553 172 2608 6
268 2546 364 2620 Quare
387 2557 483 2608 notum
505 2550 542 2608 sit
564 2550 649 2611 uobis
669 2561 735 2612 ante
758 2552 964 2631 omnia,.quid
988 2545 1173 2615 conciliando,

183 2631 333 2709 docendo,
349 2633 493 2694 movendo
508 2633 595 2695 iudici
612 2637 780 2705 conveniam
804 2636 873 2716 quid
888 2654 1003 2715 queque
1020 2644 1103 2715 parte
1119 2645 1171 2691 ora·

182 2717 269 2776 tionis
295 2726 436 2795 petamus.
478 2717 520 2780 lta
551 2737 647 2799 neque
672 2728 774 2780 vetera
807 2729 855 2782 aut
882 2719 1021 2781 translata
1046 2727 1094 2781 eut
1116 2715 1170 2774 deta

181 2800 273 2860 verba
300 2803 328 2860 in
354 2801 536 2881 incipiendo,
563 2803 722 2880 narrando,
751 2805 977 2881 argumentando
999 2800 1172 2864 tractabimus

182 2901 278 2964 neque
299 2883 489 2946 decurrentes
510 2895 649 2948 contexto
671 2889 765 2947 nitore
785 2889 938 2965 circuitus,
959 2887 1009 2948 ubi
1031 2878 1172 2948 dividenda

183 2969 238 3028 erit
259 2985 345 3029 causa
362 2977 391 3028 et
406 2972 433 3028 in
455 2979 554 3048 partes
572 2989 639 3032 suas
657 2971 832 3051 digerenda,
858 2991 954 3052 neque
971 2971 1079 3033 bumile
1096 2975 1172 3044 atque

184 3051 356 3113 cotidianum
379 3055 522 3114 sermonis
544 3072 638 3132 genus
662 3065 692 3116 et
709 3057 919 3134 compositione
934 3058 998 3136 ipsa
1014 3053 1171 3117 dissolutum

183 3136 310 3215 epilogis
331 3135 459 3198 dabimus
480 3156 536 3198 nec
558 3139 631 3200 iocis
652 3139 801 3216 lacrimas,
828 3140 877 3201 ubi
899 3157 975 3220 opus
993 3142 1048 3200 erit
1064 3139 1171 3198 misera·

154 3222 271 3298 itione,
287 3221 471 3282 siccabimns.
495 3219 568 3284 Nam
584 3233 702 3283 ornatus
718 3224 811 3284 omnis
825 3241 883 3284 non
898 3233 954 3284 tam
966 3242 1018 3284 sua
1033 3239 1114 3304 quam
1124 3213 1170 3284 reis

184 3306 228 3364 cui
245 3303 406 3383 adhibetur,
424 3306 596 3367 condicione
611 3315 738 3378 constat;
754 3323 811 3368 nec
826 3307 891 3386 plus
903 3309 1006 3386 reiert,
1025 3307 1091 3388 quid
1101 3303 1169 3364 dicas

182 3406 267 3468 qnam
283 3406 340 3469 quo
355 3388 434 3450 loco.
466 3391 527 3450 Sed
541 3399 631 3452 totum
648 3391 706 3453 boc
720 3399 788 3472 apte
810 3391 910 3452 dicere
931 3409 989 3452 non
1010 3379 1169 3452 elocutionis

181 3479 288 3532 tantum
299 3491 410 3550 genere
423 3483 537 3536 constat
549 3474 601 3536 sed
617 3483 662 3536 est
676 3493 739 3537 eum
751 3477 918 3538 inventione
931 3493 1095 3558 commune,
1108 3465 1168 3531 Natu
