2436 3956
321 187 767 256 rusu.ouaroa.n1o.vrr,a.
1004 180 1042 242 15

34 353 114 420 tem,
137 353 170 404 ut
187 344 278 418 dicat,
305 341 350 404 l'u
363 343 504 404 occidisti
507 363 522 412 ,·
542 349 571 402 at
588 342 635 420 qui
650 343 735 418 dicit,
760 341 805 406 Tu
824 345 979 422 occidisti,
995 364 1052 406 sum·

35 445 217 508 pervacuum
236 425 323 486 hahet
338 434 441 504 postea
457 425 572 499 dicere,
590 422 655 504 Epo
669 445 729 486 non
745 428 856 488 occidi.

123 510 187 569 llae
212 525 300 587 porro
326 510 457 568 actiones
485 516 617 568 constant
648 511 946 586 comparatione;
979 513 1088 590 ipsaaa
1118 503 1143 514 “’

37 594 218 671 comparatio
241 609 298 660 non
318 610 374 652 uua
394 592 441 650 via
471 591 592 650 ducitur.
635 590 693 651 Aut
720 593 794 652 euim
816 601 904 652 totam
927 611 1042 654 oausam

36 685 168 737 nostram
190 673 255 734 cum
277 684 337 734 tota
358 675 517 734 adversarii
536 691 622 732 causa
639 677 836 752 componimus
860 685 908 736 aut
928 678 1041 753 singula

37 767 209 836 argumenta
227 776 290 818 cum
304 759 435 834 siugulis.
473 755 600 830 Quorum
617 765 710 817 utrum
728 760 765 818 sit
786 758 966 834 laciendum,
984 777 1042 820 uon

36 850 139 922 potest
154 841 258 900 nisiex
272 842 362 920 ipsius
379 842 436 904 litis
452 839 574 898 utilitate
590 842 745 916 cognosci:
764 850 794 900 ut
807 839 911 900 Cicero
929 843 1044 919 singula-

37 942 93 1003 pro
108 923 224 983 Vareno
247 933 395 1002 comparat
419 924 447 982 in
469 924 561 1000 primo
582 923 716 988 crimine;
743 933 788 982 est
805 926 880 984 euim
897 927 1041 1002 superior,

39 1026 105 1067 cum
129 1023 253 1084 persona
277 1007 363 1066 alieni
387 1024 449 1065 oum
471 1022 595 1083 persona
617 1007 714 1065 matris
735 1016 844 1066 temere
860 1024 1041 1086 comparare·

38 1101 96 1150 tur.
134 1087 230 1162 Quare
252 1090 388 1168 optimum
403 1096 464 1163 est,
487 1089 511 1147 si
534 1087 596 1147 lieri
611 1090 735 1167 poterit,
751 1090 909 1166 utsingula
926 1092 1041 1150 vincan-

38 1183 118 1232 tura
144 1171 280 1248 siugulis;
304 1171 357 1231 sed
379 1173 404 1230 si
425 1171 538 1250 quando
559 1172 588 1229 in
602 1171 731 1249 partibus
748 1172 957 1232 laborabimus:
981 1175 1041 1231 uui·

36 1255 179 1314 versitate
207 1256 389 1332 pugnandum
415 1262 469 1313 est.
496 1251 533 1316 Et
559 1255 621 1314 sive
647 1255 769 1314 invicem
796 1264 950 1329 accusant,
979 1257 1089 1318 sivetu
1105 1297 1129 1310 ..

39 1339 152 1398 crimen
173 1356 240 1396 reus
266 1339 337 1397 citra
366 1338 581 1397 accusationem
606 1338 634 1395 in
659 1337 855 1396 adversarium
881 1339 983 1412 vertit,
1012 1347 1042 1397 ut

37 1421 165 1480 Roscius
183 1421 210 1476 iu
226 1429 412 1480 accusatores
428 1436 513 1493 suos,
531 1420 659 1498 quamvis
675 1437 743 1478 reos
759 1436 815 1478 non
830 1421 965 1486 fecissem
979 1423 1042 1479 siv'e

1 1559 2 1562 ,
37 1507 69 1563 iu
80 1505 178 1580 ipsos,
196 1518 273 1580 quos„
284 1519 336 1560 sua
347 1519 430 1561 manu
446 1503 570 1578 periisse
581 1502 725 1577 dicemus,
741 1503 846 1562 iactum
862 1503 1041 1562 dellectitur·

38 1603 98 1644 non
110 1585 210 1658 aliter,
229 1603 313 1662 quam
328 1585 423 1658 iniis,
445 1601 519 1662 quae
536 1593 659 1643 mutuam
675 1588 890 1645 accusationem
906 1585 1041 1660 habeant,

41 1669 190 1745 utriusque
208 1669 297 1745 partis
321 1675 487 1744 argumenta
508 1667 582 1725 inter
604 1684 636 1726 se
653 1677 863 1745 comparantur.
897 1668 929 1727 ld
948 1677 1088 1730 autemut

41 1768 150 1827 genus,
176 1750 288 1828 dequo
313 1750 469 1821 novissime
484 1749 557 1824 dixi,
579 1766 637 1807 non
660 1749 752 1808 solum
773 1751 800 1816 iu
821 1750 930 1810 scholis
952 1769 1043 1828 saepe

41 1841 179 1892 tractatur
206 1832 259 1892 sed
285 1835 370 1892 etiam
397 1833 425 1890 in
451 1832 527 1890 loro.
566 1829 637 1890 Nam
666 1830 694 1889 id
714 1840 759 1890 est
785 1833 812 1889 in
834 1849 921 1891 causa
941 1831 1043 1892 Naevii

38 1916 190 1993 Arpiniani
213 1915 306 1975 solum
325 1916 502 1994 quaesitum,
529 1911 739 1991 Praecipitate
754 1925 830 1974 essct
851 1918 890 1974 ad
911 1934 946 1975 eo
964 1934 1044 1974 aanor

38 2017 84 2060 an
101 2017 136 2058 se
154 2000 224 2074 ipso
250 2017 309 2059 aaa
322 2005 430 2075 sponte
450 1997 591 2057 iecisset?
623 1994 710 2055 Cuius
728 1997 870 2054 actionem
885 2005 914 2055 et
928 1997 1044 2075 quidem

37 2081 134 2142 solam
150 2081 178 2138 in
199 2080 256 2139 hoo
271 2089 383 2157 tempus
400 2081 565 2154 emiseram,
590 2079 668 2155 quod
691 2080 783 2157 ipsum
804 2097 849 2138 me
867 2080 975 2138 fecisse
993 2081 1044 2139 du·

39 2173 119 2226 otum
133 2163 250 2224 iuvenili
273 2163 430 2240 cupiditate
444 2163 557 2239 gloriae
578 2161 682 2220 lateor.
717 2160 789 2220 Nam
807 2171 943 2236 ceterae,
968 2180 1044 2239 quae

38 2245 96 2306 sub
111 2247 224 2305 nomine
244 2262 310 2305 meo
326 2246 471 2320 seruntur,
494 2245 671 2321 negligentia
688 2245 891 2322 excipientium
909 2245 936 2302 iu
954 2262 1043 2322 quae·

39 2338 118 2389 stum
132 2330 306 2388 notariorum
322 2333 477 2406 corruptae
493 2329 634 2387 minimam
648 2335 760 2425 partem
777 2345 834 2386 mer
827 2326 966 2386 habent.

127 2409 179 2470 Est
196 2422 225 2471 et
241 2412 297 2472 alia
312 2412 430 2511 duplex
437 2413 603 2470 coniectura
619 2401 722 2468 huic'
705 2409 933 2492 αντικατηγορίᾳ
949 2410 1042 2469 diver·
1051 2420 1087 2471 to

39 2514 93 2571 sa,
109 2493 146 2554 de
164 2496 358 2572 praemiis:
376 2495 430 2554 ut'
422 2513 450 2554 m
464 2493 514 2553 illa
531 2493 745 2568 controversia,
764 2469 926 2594 rpraapas
941 2495 1042 2570 suspi-

40 2538 147 2646 eolus,
171 2595 192 2636 a
212 2579 330 2638 medico
351 2597 407 2639 sao
424 2579 530 2638 datum
545 2577 605 2637 sibi
619 2595 782 2647 canentem,
805 2578 891 2637 torsit
911 2595 996 2650 eum,
1015 2582 1043 2636 et

39 2663 153 2722 cumis
175 2662 299 2722 dedisse
315 2679 348 2721 se
362 2667 563 2739 pernegaret,
579 2662 710 2720 arcersit
725 2660 855 2720 alterum
871 2659 1043 2720 medicumr

37 2745 92 2806 ille
106 2745 212 2804 dutum
227 2745 256 2812 ei
269 2762 416 2804 cenenum
432 2745 524 2817 dicit,
539 2743 596 2803 sed
608 2761 642 2802 se
656 2742 823 2803 antidotum
839 2743 998 2812 dotorum,
1016 2747 1044 2800 ct

40 2827 129 2888 dedit
148 2827 178 2886 ei
193 2828 358 2904 potionem,
380 2842 441 2904 quo
456 2833 544 2904 epota
559 2833 709 2903 tyrannus
723 2825 861 2886 decessit.
896 2823 941 2883 De
959 2839 1043 2901 prae·

39 2910 97 2969 mio
116 2909 174 2968 duo
197 2909 300 2969 medici
323 2909 506 2969 contendunt
546 2906 617 2966 Nam
634 2916 665 2966 ut
685 2907 746 2967 illic
767 2909 873 2968 factum
894 2907 922 2964 in
942 2906 1043 2966 adver·

39 2993 147 3052 sarium
175 2993 421 3052 transferentium:
447 2993 485 3051 ita
511 2991 558 3051 hic
583 2989 637 3048 sibi
662 2991 862 3050 vindicantium
887 3006 1043 3067 personae,

40 3092 167 3149 causae,
190 3074 360 3149 facultates,
384 3084 530 3152 tempora,
554 3075 757 3172 instrumenta,
780 3073 943 3132 testimonia
966 3087 1043 3134 com·

40 3165 188 3234 parantur.
216 3156 291 3218 lllud
304 3175 436 3236 quoque,
450 3157 630 3217 etiamsinon
647 3164 692 3214 est
707 3145 942 3236 ἆπικατηγορία,
959 3152 1086 3211 sumrl126

41 3247 138 3300 mmeu
152 3241 264 3300 ratione
280 3249 433 3315 tractatur,
449 3241 477 3299 in
493 3256 551 3317 quo
567 3240 637 3299 citra
656 3239 870 3300 accusationem
886 3237 1043 3333 quaeritur,

43 3329 136 3382 utrum
165 3323 272 3384 iactum
303 3325 349 3383 sit.
387 3322 516 3402 Utraque
538 3323 613 3382 enim
637 3339 705 3400 pars
730 3339 810 3380 suam
832 3319 1044 3417 expositionem

45 3393 138 3487 habet
153 3414 241 3484 atque
263 3423 326 3466 eam
348 3415 459 3466 tuetur:
487 3414 518 3465 ut
543 3405 571 3466 iu
594 3404 645 3464 lite
659 3403 814 3466 Urbiniana
835 3403 942 3482 petitor
964 3399 1043 3475 dicit,
