2436 3956
158 205 198 264 44
234 243 237 250 ·
477 205 838 267 M.FAB.Qttttt'r11.tArv1

157 368 231 427 omni
244 381 332 443 porro
345 364 464 425 materia
478 364 608 422 triaesse
617 359 793 439 quaerenda,
810 360 909 435 ausit,
927 360 995 438 quid
1008 362 1057 436 sit,
1071 360 1163 439 quale

156 454 201 510 sit.
239 448 289 507 llis
317 447 537 521 adiiciebamus,
561 444 812 505 demonstrativam
836 443 921 503 laude
950 462 985 503 ac
1012 445 1163 522 vitupera-

156 535 234 592 tione
250 540 394 592 constare.
424 529 456 592 ln
470 547 520 606 ea,
539 545 612 606 quae
624 528 659 588 ab
672 530 754 606 ipso,
770 526 806 586 de
822 543 880 604 quo
892 526 1073 603 diceremus,
1086 546 1166 605 quae

157 624 224 694 post
239 633 304 675 eum
325 625 389 675 acta
405 623 520 688 essent,
547 612 719 672 intuendum.
752 608 816 669 Hoc
837 625 911 688 opus
931 617 1055 669 tractatu
1070 611 1164 671 bone·

128 707 266 762 dotorum
284 699 450 776 utiliumque
467 705 612 756 constare.
642 694 788 755 Suasoriis
804 692 947 754 accedere
963 694 1078 752 tertiam
1097 712 1164 772 par·
1204 753 1205 770 ,

156 793 214 844 tem
237 800 275 841 ex
296 783 479 856 coniectura,
498 789 637 858 possetne
659 779 736 852 lieri,
759 785 788 836 ct
808 794 844 837 an
865 785 946 836 esset
960 775 1104 852 luturum,
1130 777 1167 836 de
1204 773 1205 860 ,

157 884 214 945 quo
231 864 452 926 deliberaretur.
485 863 539 923 llic
553 863 711 941 praecipue
726 861 847 920 diximus
863 860 1068 938 spectandum,
1086 863 1167 938 quis,

157 950 232 1028 apud
249 967 349 1026 quem,
370 948 437 1025 quid
456 947 577 1006 diceret.
610 944 786 1004 iudicialium
807 961 956 1004 causarum
970 943 1043 1004 alias
1062 945 1091 1002 in
1109 946 1163 1003 sin·

157 1033 233 1109 gulis
249 1033 322 1090 alias
337 1033 365 1090 in
379 1029 508 1109 pluribus
525 1029 733 1090 controversiis
753 1029 933 1102 consistere,
952 1027 1025 1085 etin
1043 1027 1165 1104 quibus·

158 1117 221 1176 dam
246 1115 432 1174 intentionem
461 1113 562 1180 modo;
589 1111 789 1189 depulsionem
815 1126 903 1190 porro
926 1126 1038 1168 omnem
1060 1111 1165 1170 infitia-

157 1200 236 1259 tione
258 1198 381 1276 duplici,
404 1198 549 1258 factumne
573 1204 602 1255 et
622 1212 658 1254 an
679 1194 736 1254 boc
757 1194 863 1255 lactum
886 1201 982 1268 esset,
1006 1203 1165 1272 praeterea
1204 1227 1205 1254 r

119 1281 329 1342 lodelensione
355 1299 390 1342 ao
415 1281 603 1341 translatione
629 1288 773 1338 constare.
815 1277 1022 1351 Quaestionem
1050 1286 1102 1336 aut
1130 1297 1166 1336 ex

158 1367 267 1442 scripto
286 1383 353 1424 esse
366 1373 414 1424 aut
430 1381 467 1424 ex
482 1364 576 1423 lacto:
598 1354 694 1437 lacto,
711 1362 747 1422 de
761 1379 856 1420 rerum
871 1359 945 1434 fide,
969 1361 1164 1437 proprietate,
1204 1413 1205 1416 ,

47 1456 55 1470 “
158 1448 309 1526 qualitate;
332 1449 457 1525 scripto,
479 1446 515 1505 de
539 1445 694 1505 verborum
717 1447 745 1505 vi
768 1453 815 1504 aut
830 1443 991 1511 voluntate;
1014 1443 1165 1520 inquibus
1203 1417 1205 1512 l

157 1533 202 1589 vis
219 1540 277 1590 tum
295 1547 445 1590 causarum
464 1537 523 1588 tum
542 1530 686 1588 actionum
703 1529 806 1605 inspici
826 1527 936 1602 soleat,
958 1543 1095 1603 quaeque
1119 1536 1166 1586 aot
1203 1515 1205 1604 l

158 1614 258 1691 scripti
280 1623 309 1672 et
333 1612 488 1672 voluntatis
511 1619 559 1671 aut
585 1612 803 1671 ratiocinativae
828 1618 874 1670 aut
901 1608 1097 1685 ambiguitatis
1119 1618 1166 1669 aut
1203 1607 1205 1680 Ι

90 1725 98 1737 ·
111 1707 150 1759 ἢ11
158 1696 256 1772 legum
272 1695 479 1757 contrariarum
495 1695 596 1773 specie
609 1695 799 1756 continentur.
835 1692 867 1753 ln
879 1694 953 1753 omni
968 1708 1058 1771 porro
1077 1711 1165 1752 causo
1204 1693 1205 1696 ’

158 1780 284 1840 iudiciali
313 1781 438 1858 quinque
470 1796 537 1838 esse
570 1788 685 1856 partes,
716 1776 982 1856 quarumexordio
1014 1777 1164 1858 conciliari
1199 1773 1205 1852 ζ

158 1862 337 1939 audientem,
367 1864 532 1924 narratione
554 1863 705 1940 proposita
734 1861 912 1934 confirmari,
939 1858 1076 1936 refutari,
1100 1878 1162 1938 per
1204 1927 1205 1930 Ἴ

117 1948 291 2006 lucratione
318 1955 365 2008 aut
383 1947 549 2006 memoriam
565 1945 646 2005 retici
667 1953 715 2004 aut
729 1945 838 2004 animos
859 1944 978 2002 moveri.
1011 1941 1062 2001 llis
1080 1947 1162 2020 argu·
1204 1943 1205 2020 J

90 2031 101 2064 ’·
158 2030 301 2089 mentandi
328 2039 357 2088 et
384 2028 529 2089 alliciendi
550 2028 633 2087 locos
655 2037 684 2087 et
707 2026 810 2106 quibus
834 2025 991 2103 generibus
1013 2026 1163 2100 concitari,
1204 2021 1205 2096 ξ

159 2111 285 2190 placari,
302 2113 411 2172 resolvi
424 2111 539 2171 iudices
555 2119 722 2190 oporteret,
739 2110 906 2171 adiecimus.
937 2108 1075 2170 Accessit
1091 2111 1163 2169 ratio
1204 2119 1205 2124 ’

160 2196 317 2255 divisionis.

246 2277 375 2339 Credere
391 2279 476 2338 nrodo
499 2279 546 2357 qui
565 2278 657 2339 discet
668 2279 747 2338 velit.
786 2274 872 2336 Certa
889 2278 1028 2357 quaedam
1045 2279 1093 2338 via
1109 2287 1162 2353 est,

161 2370 191 2421 et
214 2363 242 2420 in
266 2379 321 2439 qua
336 2363 424 2422 multa
441 2364 526 2421 etiam
543 2363 605 2421 sine
622 2362 751 2421 doctrina
767 2369 917 2439 praestare
939 2362 1047 2422 debeat
1062 2380 1117 2440 per
1131 2379 1162 2421 se

160 2446 224 2522 ipsa
239 2454 354 2520 natura,
371 2454 401 2504 ut
414 2444 501 2518 baec,
519 2443 670 2521 dequibus
687 2445 763 2518 dixi,
779 2461 837 2504 oon
848 2452 904 2504 tam
917 2447 1033 2506 inventa
1049 2463 1068 2504 a.
1081 2463 1161 2525 prae·

161 2519 329 2604 captoribus
359 2544 460 2605 quam,
491 2543 554 2585 curn
584 2526 703 2603 fierent,
729 2527 883 2587 observata
913 2547 980 2589 esse
1003 2528 1161 2589 videantur.

121 2609 227 2671 13Plus
251 2611 370 2688 exigunt
390 2610 499 2670 laboris
521 2619 550 2669 et
572 2629 676 2687 curae,
699 2629 774 2690 quae
795 2621 963 2689 sequuntur.
995 2612 1069 2672 llinc
1092 2611 1163 2672 euim

160 2695 216 2753 iam
232 2695 464 2754 elocutionis
486 2696 627 2755 rationem
648 2694 848 2769 tractabimus,
870 2705 982 2772 partem
998 2696 1116 2774 operis,
1135 2701 1163 2754 ut
1204 2701 1205 2766 f

59 2803 64 2810 ·
160 2777 235 2836 inter
250 2795 350 2838 omnes
366 2786 498 2838 oratores
515 2779 667 2854 convenit,
691 2777 895 2838 difficillimam.
927 2778 1000 2839 Nam
1016 2788 1046 2838 et
1056 2778 1094 2838 Μ.
1108 2779 1161 2838 Au·

160 2862 272 2937 tonius,
296 2863 375 2920 cuius
391 2879 479 2939 supra
494 2860 643 2921 babuimus
658 2863 848 2936 mentionem,
874 2879 937 2922 cum
950 2881 971 2924 o
987 2882 1022 2924 se
1036 2865 1164 2924 disertos

160 2945 240 3004 ciros
262 2963 328 3005 ecee
346 2945 472 3021 maltos,
496 2946 550 3021 ait,
573 2948 757 3023 cloquentem
772 2946 936 3007 neminem.-
963 2946 1074 3006 diserto
1097 2945 1162 3004 satis

160 3034 241 3104 potat
261 3027 360 3086 dicere
381 3045 455 3106 quae
478 3036 629 3106 oporteat,
650 3036 752 3100 ornate
773 3037 868 3088 autem
890 3029 990 3108 dicere
1017 3029 1161 3108 proprium

120 3113 230 3169 llatae
252 3109 491 3189 eloquentissimi.
528 3110 610 3184 Quae
630 3113 719 3170 virtus
742 3113 767 3171 si
787 3130 880 3190 usque
903 3113 939 3172 ad
956 3129 1021 3171 eum
1036 3113 1065 3171 in
1084 3111 1159 3171 nullo

160 3203 278 3272 reperta
295 3202 355 3270 est,
378 3212 413 3254 ac
428 3213 464 3254 ne
480 3195 508 3253 in
525 3195 590 3271 ipso
608 3194 722 3271 quidem
737 3203 785 3256 aut
801 3194 833 3255 L.
851 3193 973 3255 crasso:
991 3203 1102 3255 certum
1118 3201 1159 3254 est

162 3286 191 3336 et
208 3277 252 3337 bis
275 3287 304 3338 et
327 3278 471 3356 prioribus
496 3295 559 3336 eam
583 3276 790 3353 desideratam,
812 3279 878 3356 quia
905 3278 1074 3338 difficillima
1099 3279 1156 3338 luit.

161 3357 198 3419 Et
212 3358 326 3420 Marcus
343 3359 454 3420 Tullius
471 3361 665 3420 inventionem
682 3361 796 3440 quidem
811 3379 845 3420 ac
863 3362 1081 3441 dispositionem
1096 3379 1156 3440 pru-

18 3445 25 3452 ’
120 3442 254 3503 ltdentis
276 3443 397 3503 hominis
420 3451 516 3522 putat,
542 3442 735 3523 eloquentiam
759 3445 894 3505 oratoris.
930 3443 1060 3524 ldeoque
1078 3459 1155 3523 prae·
