2436 3956
189 170 231 230 ’16
504 179 541 227 u.
555 181 634 227 aaa.
652 177 871 239 ecmannum

188 346 236 396 aut
252 336 298 412 (ut
309 335 382 412 dixi)
394 333 459 411 quia
472 333 630 392 decentius.
662 332 716 392 Ubi
728 332 798 392 nihil
810 333 912 392 horum
924 333 1102 410 praestabit,
1119 335 1197 413 quod

189 419 394 492 transferetur,
418 418 602 495 improprium
624 417 687 474 erit.
724 415 908 474 Necessitate
928 418 1027 474 rustici
1042 434 1196 495 peramara

189 505 217 560 in
229 500 335 560 vitibus
348 500 432 579 (quid
445 501 519 559 enim
530 498 661 560 dicerent
672 495 798 577 alludi),
811 507 841 558 et
855 501 941 560 sitire
951 508 1075 576 segetes
1093 509 1124 560 et
1142 501 1196 560 iru-

191 595 253 645 ctus
280 585 446 650 laborare,-
467 585 642 642 necessitate
666 599 720 641 nos
741 584 853 643 durum
877 582 1021 652 bominem
1037 592 1091 642 aut
1108 603 1196 662 aspe

189 687 267 730 tam.
296 667 361 727 Non
377 669 452 726 enim
468 667 615 745 proprium
632 675 709 740 erat,
727 666 804 743 quod
819 665 952 724 daremus
967 666 1011 724 bis
1027 666 1194 742 affectibus,

161 764 302 819 anomen.
352 751 411 811 lam
436 753 592 812 incensam
617 751 659 808 ira
685 758 714 808 et
736 745 957 826 inflammatum
982 749 1150 826 cupiditate
1173 760 1206 808 etr

190 839 309 915 lapsum
333 851 434 893 errore
457 832 636 910 significandi
661 835 764 909 gratia.
810 831 888 891 Nilril
908 833 983 890 enim
1009 832 1118 892 horum
1143 809 1206 892 sunl

189 918 287 978 verbis
307 936 391 995 quam
406 916 450 975 his
466 917 614 976 arcessitis
632 917 723 992 magis
740 917 887 993 proprium
903 925 974 974 erat.
1013 915 1070 976 llla
1095 917 1134 976 ad
1155 933 1194 975 or·

189 1010 302 1074 natum,
326 1001 426 1060 lumen
450 1001 587 1058 orationis
610 1007 639 1058 et
659 1001 776 1074 generis
792 999 963 1060 claritatem
984 1009 1012 1058 et
1029 1002 1195 1058 contionum

188 1085 344 1163 procellas
360 1092 389 1142 et
405 1083 588 1159 eloquentiae
602 1083 748 1160 fulmina,
767 1090 797 1139 ut
812 1079 916 1140 Cicero
932 1099 985 1160 pro
999 1081 1114 1142 Milone
1130 1082 1194 1142 (llo-

190 1167 265 1227 dium
278 1169 390 1246 fontem
405 1167 518 1244 gloriae
535 1168 597 1225 eius
614 1175 701 1224 vocat
722 1175 751 1224 et
767 1165 824 1223 alic
840 1165 908 1224 loco
924 1175 1054 1244 caperem
1076 1185 1119 1227 ae
1136 1186 1194 1226 nec·

161 1253 306 1317 eteniam.
350 1249 497 1324 Quaedam
519 1252 603 1309 etiarn
623 1262 722 1326 parum
739 1249 876 1326 speciosa
892 1249 969 1307 dictu
983 1267 1039 1327 per
1054 1249 1135 1309 banc
1149 1267 1192 1308 ex·

191 1335 348 1413 plicantur:

315 1414 379 1476 Hoc
394 1417 528 1492 faciant,
545 1417 636 1475 trimio
649 1435 688 1475 ne
703 1416 779 1475 tuae
796 1417 952 1476 obtunsum
964 1423 1043 1476 usias

315 1496 363 1558 Sit
378 1500 506 1576 parcitati
522 1515 598 1558 arao
614 1505 643 1558 at
662 1500 765 1558 sulcos
784 1498 902 1559 oblimet
917 1502 1039 1560 inertes.

190 1581 222 1641 ln
243 1590 333 1640 totum
353 1591 447 1640 autern
466 1581 635 1659 metaphora
651 1579 769 1640 brevior
784 1591 829 1640 est
846 1581 1017 1657 similitudo,
1041 1597 1141 1658 eoque
1157 1581 1206 1664 dt,

191 1673 263 1740 stat,
289 1665 366 1742 quod
395 1664 445 1724 illa
469 1672 651 1743 comparatur
676 1667 735 1740 rei,
762 1679 846 1742 quam
863 1665 995 1724 volumus
1017 1666 1206 1742 exprimere*

162 1746 265 1812 9baec
286 1761 339 1824 pro
368 1748 431 1825 ipsa
452 1765 485 1806 re
509 1749 621 1808 dicitur.
674 1745 858 1826 Comparatio
882 1757 941 1823 est,
975 1766 1039 1808 cum
1062 1747 1133 1807 dico
1154 1747 1190 1805 fe

190 1832 267 1890 cisse
284 1831 351 1908 quid
366 1831 508 1890 hominem
526 1840 558 1892 at
578 1832 711 1901 leonem;
733 1832 900 1906 translatio,
925 1849 989 1890 cum
1005 1831 1071 1891 dico
1091 1832 1130 1890 de
1146 1830 1191 1888 bc·

190 1916 282 1987 mine,
299 1917 344 1974 lac
360 1924 414 1975 est.
452 1915 540 1973 Huius
557 1916 600 1972 vis
620 1916 709 1972 omnis
726 1915 907 1993 quadruplex
921 1917 1044 1974 maxime
1062 1915 1188 1974 videtur:

191 2015 254 2056 cum
274 1999 302 2055 in
323 1997 410 2057 rebus
434 1996 601 2056 animalibus
623 1997 699 2055 aliud
720 2014 775 2074 pro
797 1998 854 2056 alio
877 1999 1007 2076 ponitur,
1033 2007 1064 2056 ut
1080 1997 1120 2057 de
1136 1997 1206 2140 agip

192 2088 298 2156 tatore,
1205 2143 1206 2150 ,

319 2197 361 2210 -
379 2165 570 2242 paberaatcr
584 2183 697 2241 maana
716 2166 859 2226 contorsit
874 2181 981 2242 equam
995 2165 1027 2224 ai
1035 2187 1049 2232 ,·

192 2255 240 2306 aut
258 2245 369 2322 Livius,
399 2247 563 2324 Scipionem
590 2264 605 2306 a
627 2245 736 2307 Catone
758 2249 903 2310 adlatrari
929 2247 1065 2321 solitum,
1091 2245 1186 2305 refert.

151 2328 315 2390 lolnanima
339 2347 392 2406 pro
418 2330 481 2389 aliis
506 2331 624 2406 generis
644 2332 773 2390 eiusdem
790 2340 951 2391 sumuntur:
978 2340 1009 2388 ut
1032 2329 1188 2404 classique

189 2413 318 2472 immittit
340 2413 497 2479 balaenam
521 2423 567 2472 aut
583 2430 636 2489 pro
653 2414 740 2475 rebus
756 2415 924 2474 animalibus
941 2415 1078 2473 inanima:
1096 2411 1188 2472 Ferro

189 2513 248 2554 aon
260 2494 326 2571 fato
340 2512 462 2555 ascerus
476 2493 619 2573 Arpiaom
634 2500 766 2568 occidit,·
786 2507 834 2557 aut
855 2507 969 2558 contra:

449 2621 455 2630 ·
505 2611 547 2625 -
561 2579 647 2641 sedet
662 2583 778 2642 inscius
792 2579 854 2643 alto

341 2657 507 2740 Acctptens
522 2665 651 2723 sonitum
667 2667 741 2725 saei
755 2665 922 2728 decentiae
935 2673 1051 2742 pastor,
1205 2723 1206 2730 ,

148 2749 180 2800 ll
190 2742 408 2822 Praecipueque
431 2763 467 2804 ex
490 2746 533 2805 bis
557 2749 648 2828 oritur
667 2747 843 2823 sublimitas,
866 2765 940 2826 quae
957 2747 1059 2807 audaci
1082 2754 1111 2805 et
1125 2741 1206 2822 pr033

188 2827 264 2884 xime
285 2828 442 2903 periculum
465 2830 652 2889 translatione
672 2831 828 2908 tolluntur,
847 2848 911 2891 cum
930 2830 1017 2890 rebus
1036 2842 1182 2889 sensu-ca·
1204 2839 1206 2900 j

188 2908 316 2968 rentibus
333 2921 426 2970 actum
442 2913 584 2988 quendam
600 2921 629 2972 et
644 2916 753 2974 animos
769 2915 884 2991 damus,
901 2913 993 2992 qualis
1010 2923 1055 2973 est

457 2994 578 3056 Partem
598 2999 776 3076 iadipaatas
789 2995 921 3062 Araxes.

147 3073 224 3133 lulli
248 3076 298 3135 illa
317 3074 484 3153 Ciceronis,
510 3077 592 3150 oeta
609 3083 687 3140 enirn
703 3089 773 3142 taus
786 3083 852 3159 tlte,
878 3081 1012 3156 Tallara,
1028 3075 1180 3142 destrictus

185 3159 218 3218 in
233 3160 302 3220 acie
313 3158 497 3221 Pharsalica
510 3163 634 3239 pladias
649 3167 783 3242 caedat?
812 3163 906 3226 Ocius
922 3165 1003 3226 latas
1017 3165 1069 3225 ille
1085 3175 1181 3222 marra
1204 3127 1206 3268 1

183 3242 327 3318 petebat?
349 3245 401 3319 qai
415 3262 524 3305 sensas
538 3252 607 3306 arat
621 3263 777 3308 armorum
797 3251 937 3310 taceant?
963 3242 1179 3326 Duplicaturiu·
1205 3285 1206 3296 2

186 3325 271 3382 terim
286 3325 359 3385 haec
373 3328 480 3402 virtus,
497 3335 527 3386 ut
542 3329 617 3407 apud
632 3329 804 3407 Vergilium,

329 3444 332 3448 -
410 3441 451 3456 »-
468 3409 657 3490 Ferramqae
676 3427 802 3476 armare
820 3430 946 3477 amnena.
