2470 3962
343 169 431 218 insa.
445 167 594 219 naason.
608 171 676 218 nm.
689 169 792 236 Χίῳ.
1007 159 1070 220 239

32 327 256 404 distringente
272 333 358 403 atque
374 323 431 384 alio
449 323 574 383 ducente
590 340 688 399 causa,
705 323 850 402 spectabit
866 325 895 384 id
910 325 1014 400 solum,
1031 328 1067 386 ad

34 408 337 488 qnodaceingitnr.
375 406 487 480 Quodsi
510 423 645 484 agrorum
666 409 751 468 nimia
773 426 842 468 cura
866 416 895 468 et
915 409 1100 476 sollicitiore

33 495 108 553 rei·
127 491 279 552 famniliaris
301 491 450 568 diligentia
478 500 507 550 et
527 489 650 550 venandi
672 490 807 569 voluptas
831 502 860 551 et
875 493 934 552 dati
949 503 1065 570 specta-

36 578 137 638 culis
161 578 226 637 dies
247 575 364 636 multum
387 575 488 634 studiis
509 573 642 633 auferunt
658 575 739 652 (buic
755 575 829 634 enim
844 577 887 634 rei
905 578 980 652 perit
996 585 1065 636 tem·

34 680 133 740 pus,
164 660 356 738 quodeunque
378 658 461 718 alteri
478 657 590 736 datur):
614 658 681 734 quid
697 668 827 737 putamus
843 659 968 718 facturas
987 662 1066 739 cupi-

36 745 196 819 ditatem,
221 743 383 817 avaritiam,
409 741 561 815 invidiam,
578 757 696 818 quarum
711 743 968 820 impotentissimae
986 745 1052 821 cogi
1115 775 1117 778 v

36 830 189 888 tationes
205 843 322 886 somnos
346 826 430 886 etiam
456 833 485 885 et
502 824 551 884 illa
574 843 628 902 per
647 826 773 902 quietem
792 828 853 886 visa
873 825 1065 905 perturbant?
1155 825 1159 830 ’

36 911 139 971 Nihil
156 920 203 970 est
228 911 302 970 enim
318 919 375 969 tam
391 917 578 987 occupatum,
602 917 658 968 tam
683 908 874 985 multiforme,
899 919 942 970 tot
957 929 992 972 ac
1010 920 1095 978 tama

36 997 149 1056 variis
167 993 318 1054 affectibus
337 994 484 1054 concisum
504 1001 591 1070 atqne
610 993 766 1053 laceratum
783 1012 867 1072 quam
881 994 955 1054 mala
974 1014 1064 1055 mens.

37 1078 135 1138 Nam
160 1086 190 1137 et
210 1095 273 1138 cum
297 1077 460 1136 insidiatur:
486 1093 556 1155 spe,
580 1078 673 1152 euris,
696 1077 797 1138 laboie
813 1077 1007 1156 distringitnr;
1036 1089 1065 1138 et

40 1164 115 1222 iarn
147 1179 212 1221 eum
234 1161 358 1222 sceleris
385 1177 506 1238 compos
531 1159 598 1220 luit:
632 1159 845 1237 sollicitudine,
874 1164 1063 1240 poenitentia,

42 1263 223 1324 poenarum
244 1246 369 1305 omnium
394 1243 599 1323 expectatione
618 1253 779 1322 torquetur.
816 1243 886 1318 Quis
901 1249 976 1305 inter
991 1248 1065 1307 haec

42 1331 169 1390 litteris
187 1338 233 1389 ant
249 1328 300 1388 nlli
322 1328 417 1388 bonae
438 1329 491 1387 arti
507 1325 613 1388 locnsl
643 1327 709 1387 Non
728 1328 848 1389 hercule
869 1331 961 1406 magis
981 1347 1064 1408 qnam

43 1413 198 1492 frugibus
211 1414 239 1472 in
257 1421 334 1472 terra
356 1411 485 1472 sentibus
507 1428 542 1471 ac
557 1411 636 1471 rubis
657 1421 810 1489 occupata.
850 1412 931 1489 Age,
955 1431 1011 1472 non
1029 1413 1096 1474 adit

43 1497 255 1576 perferendos
277 1496 436 1556 studiorum
457 1494 574 1555 labores
594 1497 763 1556 necessaria
784 1495 957 1574 frugalitas?
988 1496 1064 1570 Quid

45 1584 150 1659 igitur
171 1599 209 1640 ex
231 1580 349 1640 libidine
364 1597 399 1640 ae
420 1579 531 1639 luxuria
554 1577 638 1658 spei?
671 1578 737 1639 Non
758 1583 917 1658 praecipue
938 1583 1013 1641 acuit
1028 1580 1064 1641 ad

48 1663 248 1744 cupiditatem
270 1663 428 1723 litterarum
453 1680 534 1722 amor
557 1663 672 1724 laudis'l
704 1663 778 1723 Num
793 1665 879 1741 igitur
896 1664 978 1724 malis
996 1683 1066 1724 esse

48 1748 176 1808 laudern
194 1765 280 1808 curae
297 1744 449 1826 putamus?
487 1745 546 1806 lam
561 1746 618 1806 boc
636 1749 699 1824 quis
719 1763 776 1806 non
796 1746 892 1823 videt,
913 1749 1064 1808 maximam
1156 1771 1159 1774 ·

50 1841 173 1912 partem
196 1832 334 1891 orationis
355 1833 383 1890 in
400 1839 523 1890 tractatu
545 1832 630 1907 aequi
652 1830 777 1908 bonique
794 1829 978 1890 consistere?
1014 1831 1063 1892 Di·
1126 1895 1131 1902 ,
1163 1887 1165 1896 .

51 1927 147 1976 eetne
161 1915 197 1975 de
213 1914 257 1974 his
270 1914 427 1977 secundnm
438 1913 562 1974 debitam
578 1911 672 1973 rerum
688 1913 855 1991 dignitatem
870 1915 962 1974 malus
976 1925 1062 1993 atque

53 1997 199 2078 iniquus?
230 1998 375 2076 Denique,
392 2007 423 2072 nt
439 1999 588 2058 maximam
604 2007 715 2076 partem
735 1998 913 2077 quaestionis
931 2000 1093 2073 eximamtt

52 2085 181 2158 demus,
199 2083 225 2142 id
242 2083 319 2160 quod
334 2083 414 2142 nullo
429 2082 515 2142 modo
531 2083 592 2141 beri
607 2091 720 2160 potest,
739 2083 815 2142 idem
830 2083 948 2158 ingenii,
967 2081 1062 2156 studii,

55 2168 230 2242 doctrinae,
253 2167 380 2244 pessimo
405 2175 491 2244 atque
516 2168 623 2243 optimo
646 2167 724 2225 viro:
751 2175 817 2225 nter
831 2166 936 2225 melior
951 2167 1063 2226 dicetur

55 2247 182 2312 orator?
217 2249 355 2310 Nimirum
375 2251 425 2329 qui
447 2249 533 2309 homo
550 2266 666 2329 quoque
683 2250 796 2309 melior.
830 2249 896 2309 Non
912 2251 999 2326 igitur
1013 2267 1063 2308 un·

56 2352 148 2414 qnam
164 2334 256 2394 malus
271 2333 347 2393 idem
362 2333 448 2394 bomo
465 2343 494 2393 et
514 2334 664 2412 perlectus
681 2343 789 2393 orator.
827 2332 893 2393 Non
909 2333 983 2394 enim
998 2351 1063 2410 per·
1072 2344 1107 2398 10,

56 2421 170 2480 lectum
190 2426 236 2477 est
254 2418 423 2496 quidquam,
444 2435 502 2495 qno
523 2418 691 2498 melius-est
709 2417 795 2479 aliud.
827 2417 905 2492 Sed,
928 2435 964 2476 ne
980 2434 1061 2476 more

57 2502 279 2564 Socraticorum
294 2501 438 2562 nobismet
454 2503 509 2580 ipsi
527 2519 697 2580 responsum
713 2502 831 2561 linxisse
846 2501 1010 2576 videamur,
1027 2502 1064 2560 sit
1150 2559 1154 2566 ,

57 2587 166 2664 aliquis
187 2584 262 2644 adeo
287 2593 387 2646 contra
409 2587 561 2645 veritatem
582 2585 760 2658 obstinatus,
784 2593 814 2644 nt
830 2583 935 2644 audeat
951 2584 1062 2658 dicere,

58 2669 167 2730 eodem
182 2669 316 2746 ingenio,
333 2670 444 2743 studio,
462 2668 592 2728 doctrina
607 2668 766 2746 praeditum
781 2667 870 2727 nihilo
885 2669 1062 2728 deteriorem

57 2755 187 2814 intnrnm
205 2761 351 2812 oratorem
371 2751 474 2812 malum
491 2753 582 2811 virum
606 2769 690 2830 quam
709 2751 830 2812 bonnm:
859 2753 1062 2810 convincamus

58 2837 145 2898 buius
173 2852 289 2914 quoqne
315 2836 477 2896 amentiam.
513 2835 586 2895 Nam
611 2836 668 2896 boc
695 2843 776 2895 certe
805 2851 888 2895 nemo
914 2833 1104 2908 dubitabit,ll
1120 2857 1154 2883 *-

59 2938 175 2982 omnem
191 2920 351 2980 orationem
366 2920 395 2980 id
409 2937 510 2996 agere,
526 2929 557 2979 ut
574 2918 671 2994 iudici,
687 2936 761 2997 quae
777 2920 929 2998 proposita
945 2919 1060 2993 luerint,

11 3065 12 3068 ,
59 3023 132 3064 vera
153 3012 183 3063 et
204 3003 326 3063 honesta
344 3003 504 3063 rideantur.
535 3003 634 3064 Utrum
656 3004 742 3080 igitur
765 3001 823 3063 boc
839 3002 952 3063 facilius
968 3002 1061 3062 bonus
1113 3062 1123 3082 x

59 3091 105 3148 vir
121 3087 310 3166 persuadebit
324 3105 359 3147 an
375 3085 490 3146 malus?
521 3086 618 3147 Bonus
633 3087 748 3164 quidem
764 3086 841 3147 dicet
856 3088 974 3164 saepius
990 3104 1060 3146 vera

60 3182 149 3250 atque
176 3170 308 3231 honesta.
340 3170 399 3231 Sed
421 3171 505 3232 etiam
528 3172 553 3230 si
580 3171 693 3250 qnando
716 3171 813 3250 aliquo
837 3171 939 3231 ductus
961 3169 1103 3232 ciliciola

62 3255 159 3335 (qnod
174 3254 326 3330 accidere,
342 3264 372 3314 ut
389 3270 456 3314 mox
472 3254 657 3330 docebimus,
673 3256 787 3334 potest)
804 3254 879 3314 laiso
895 3252 969 3312 baec
984 3253 1060 3313 aiiir·

11 3397 12 3402 ,
61 3356 142 3399 mare
165 3338 330 3398 conabitur:
352 3339 460 3398 maiore
482 3356 546 3398 cum
564 3337 620 3398 tide
638 3355 762 3398 neeesse
783 3347 829 3397 est
852 3337 990 3398 audiatur.
1021 3336 1061 3396 At

61 3422 144 3483 malis
164 3421 327 3482 bominibus
349 3439 387 3482 ex
408 3431 576 3502 contemptu
600 3423 743 3500 opinionis
765 3430 793 3481 et
808 3423 969 3498 ignorantia
985 3421 1059 3482 recti
1205 3483 1208 3485 ,
