2470 3962
173 159 234 222 216
486 174 849 235 n.nsn.uu1nu1urnn1

173 332 278 407 litas,
294 349 331 390 ne
347 345 444 390 sermo
455 327 598 388 subsultet
615 324 771 408 imparibus
782 331 882 407 spatiis
898 348 933 390 ac
944 332 1035 408 sonis,
1050 333 1177 394 miscens

174 417 261 491 longa
277 414 430 490 brevibus,
447 413 548 491 gravia
564 413 671 487 acutis,
691 411 767 472 elata
783 415 957 489 summissis,
976 425 1005 474 et
1020 416 1177 495 inaequali·

173 507 232 558 tate
248 497 349 558 luorum
365 499 489 557 omniurn
503 497 579 555 sicut
599 495 880 574 pedumclaudicet:
905 499 1032 559 secunda
1056 502 1178 560 varie·

128 591 243 656 sutas,
264 581 341 659 quod
360 581 454 659 solum
471 588 517 639 est
532 581 736 657 pronuntiatio.
763 579 808 640 Ac
825 598 861 640 ne
877 582 941 659 quis
957 600 1088 660 pugnare
1104 586 1180 644 inter

88 739 91 746 Ι
172 684 205 726 se
220 674 302 745 putet
324 665 529 744 aequalitatem
545 673 574 722 et
588 665 773 741 varietatem,
795 683 858 742 cunp
879 665 922 724 illi
944 668 1041 725 virtuti
1064 678 1179 729 contra·

171 753 243 810 rium
263 751 361 810 vitium
381 751 418 808 sit
439 747 648 825 inaequalitas,
676 748 757 823 huic,
788 748 864 826 quod
891 749 994 809 dicitur
1021 749 1179 827 μονοειδὲς,

172 836 253 913 quusi
269 832 382 912 quidam
398 849 470 892 unus
485 839 632 908 aspectus.
657 832 714 891 Ars
730 848 818 909 porro
833 833 961 893 variandi
976 852 1041 892 curn
1059 838 1180 912 gratian
1211 839 1212 848 ’

171 918 294 996 praebet
314 935 349 976 ac
369 924 491 976 renovat
514 932 616 989 aures,
643 923 699 975 turn
716 916 860 976 dicentem
883 917 946 994 ipsa
962 915 1073 977 laboris
1090 928 1180 978 muta·

170 1003 250 1060 tione
270 1000 380 1074 reiicit,
401 1008 432 1058 ut
451 998 561 1072 standi,
591 997 769 1074 ambulandi,
796 999 933 1076 sedendi,
961 1000 1077 1061 iacendi
1099 1004 1181 1062 vices

127 1094 250 1159 desunt,
278 1084 407 1160 nihilque
431 1100 531 1144 eorum
553 1083 613 1160 pati
634 1101 718 1142 nuum
743 1083 789 1142 din
811 1100 975 1161 possumus.
1010 1083 1086 1145 Illud
1108 1102 1182 1144 vero

170 1169 339 1244 maximum,
360 1167 429 1246 (sed
450 1166 478 1227 id
499 1165 586 1244 paulo
608 1176 676 1244 post
698 1166 898 1245 tractabimus)
919 1166 996 1246 qnod
1022 1170 1181 1229 secundum

170 1253 310 1312 rationem
334 1268 447 1328 rernm,
475 1248 638 1329 dequibus
662 1249 796 1325 dicimus,
825 1253 1042 1329 animorumque
1067 1252 1180 1312 habitus

171 1333 375 1396 conformanda
390 1352 450 1394 vox
466 1343 520 1409 est,
537 1351 573 1392 ne
592 1332 627 1394 ab
644 1335 777 1394 oratione
793 1334 950 1395 discordet.
976 1334 1112 1395 vitemus
1132 1338 1179 1414 igi·

170 1430 215 1478 tur
230 1419 326 1494 illam,
345 1435 420 1496 quae
438 1417 551 1478 Graece
567 1417 723 1495 peoorovlu
736 1427 873 1493 vocatur,
890 1437 945 1478 una
960 1420 1103 1496 quaedam
1124 1419 1179 1499 spi·

170 1506 240 1562 ritus
256 1521 290 1562 ac
307 1504 371 1560 soni
386 1503 521 1568 intentio:
548 1518 605 1561 non
622 1502 715 1561 solnm
730 1520 767 1560 ne
783 1501 910 1562 dicamus
927 1505 1022 1563 ornnia
1038 1502 1179 1577 clamose,

171 1585 248 1664 quod
264 1586 392 1644 insanum
408 1593 468 1659 est,
488 1593 539 1664 aut
553 1586 626 1645 intra
642 1585 781 1663 loquendi
796 1585 924 1660 modurn,
944 1586 1022 1665 quod
1038 1597 1119 1647 motu
1137 1605 1179 1648 ca·

169 1679 231 1746 ret,
252 1678 300 1729 ant
314 1670 467 1729 summisso
488 1687 648 1743 murmure,
671 1685 729 1746 quo
746 1671 833 1729 etiam
845 1668 1011 1729 debilitatur
1033 1673 1127 1731 omnis
1142 1673 1178 1730 in·

124 1754 274 1822 serenum
304 1753 356 1813 sed
377 1761 409 1812 ut
431 1753 459 1812 in
480 1752 582 1813 iisdem
605 1751 734 1830 partibus
763 1752 922 1830 iisdemque
949 1753 1104 1814 adfectibus
1127 1756 1179 1814 sint

168 1847 264 1898 tamen
286 1836 426 1916 quaedam
447 1853 504 1895 uon
527 1837 567 1895 ita
588 1853 710 1913 maguae
730 1837 814 1897 uocis
840 1836 1070 1914 declinationes,
1095 1846 1178 1917 prout

168 1931 216 1981 aut
239 1921 394 1980 verborum
414 1920 538 1998 dignitas
555 1928 603 1980 aut
618 1920 823 1980 sententiarum
844 1929 943 1981 natura
959 1931 1009 1982 aut
1032 1922 1177 2000 depositio

168 2014 215 2065 aut
235 2005 362 2082 inceptio
388 2012 435 2063 aut
451 2006 586 2064 transitus
609 2003 788 2081 postulabit:
807 2012 853 2078 ut,
876 2004 924 2084 qui
940 2005 1064 2082 singulis
1081 2008 1178 2085 pinxe-
1199 2047 1201 2056 ·

168 2096 233 2148 runt
248 2087 415 2162 coloribus,
440 2087 496 2148 alia
514 2096 608 2147 tumen
629 2086 818 2148 eminentiora
840 2089 895 2148 alia
910 2088 1079 2150 reductiora
1100 2090 1178 2150 lece·

167 2180 248 2246 runt,
277 2173 340 2230 sine
365 2187 422 2249 qno
448 2189 484 2230 ne
505 2169 641 2231 membris
670 2171 785 2249 quidem
812 2189 879 2232 suas
903 2171 995 2231 lineas
1018 2172 1176 2234 dedissent.

124 2260 158 2315 47
166 2256 363 2333 Proponamus
382 2255 456 2314 enirn
468 2253 551 2314 uobis
563 2253 640 2314 illud
648 2253 799 2315 Ciceronis
812 2256 840 2314 in
856 2256 988 2315 oratione
1000 2255 1179 2320 nobilissima

166 2355 220 2417 pro
230 2337 337 2398 lililonc
354 2338 543 2416 principium,
559 2354 654 2398 nonne
670 2338 705 2398 ad
720 2339 848 2416 singulas
865 2357 958 2417 paene
974 2339 1176 2400 distinctiones

167 2423 296 2499 quamvis
324 2423 352 2479 in
377 2421 478 2482 eadem
501 2422 578 2481 lacis
600 2430 695 2482 tamen
718 2424 800 2500 quasi
820 2422 916 2482 vultus
938 2423 1091 2484 mutandus
1117 2432 1179 2483 est:
1211 2449 1212 2456 ¹

167 2502 235 2568 ldtec'
245 2523 371 2581 uereor,
392 2505 530 2582 iudices,
551 2525 590 2567 ue
605 2514 694 2584 turpe
709 2508 764 2582 sit,
785 2525 844 2584 pro
858 2507 1024 2584 fortissimo
1045 2510 1115 2570 oiro
1131 2509 1177 2568 di-

122 2595 237 2652 isscero
250 2589 444 2668 incipientem
458 2591 587 2654 timere?
615 2587 735 2649 Etiamsi
750 2598 813 2649 toto
828 2590 981 2668 proposito
998 2598 1179 2652 contractum

167 2683 253 2753 atque
272 2673 463 2749 summissum,
481 2675 546 2751 quia
562 2682 591 2733 et
607 2671 757 2732 exordium
773 2681 861 2732 estet
875 2672 993 2733 solliciti
1009 2675 1177 2735 exordium:

167 2766 261 2816 tamen
277 2757 363 2816 luerit
378 2775 502 2818 necesse
522 2766 568 2816 est
583 2756 690 2836 aliquid
708 2757 822 2835 plenius
838 2765 867 2816 et
885 2757 1029 2832 erectius,
1055 2776 1120 2818 eum
1139 2758 1177 2818 di-

106 2864 108 2872 *
167 2841 204 2900 cit
224 2837 285 2901 Pro
302 2841 469 2918 fortissimo
481 2842 565 2917 ciro,
587 2857 671 2920 quum
686 2859 749 2900 curn
765 2837 832 2902 Etsi
844 2859 953 2903 vereor
973 2849 1004 2900 et
1022 2839 1128 2921 Turpe
1141 2842 1178 2902 sit

119 2930 195 2986 ‘utet
212 2921 338 2986 Timere.
368 2923 428 2985 lam
452 2925 579 2986 secunda
601 2925 755 3002 respiratio
773 2926 918 2985 increscat
943 2933 1061 3002 oportet
1083 2935 1115 2986 et
1131 2943 1176 2985 na·

166 3007 249 3067 turali
270 3007 394 3086 quodam
418 3017 539 3085 conatu,
562 3024 620 3087 quo
643 3009 734 3067 minus
750 3009 855 3087 pavide
873 3007 1007 3084 dicimus,
1037 3026 1116 3087 quae
1132 3027 1175 3068 se·

76 3146 79 3152 .
166 3100 305 3171 quantur,
329 3101 358 3150 et
370 3091 453 3170 'quod
469 3092 634 3169 magnitudo
651 3092 735 3152 animi
750 3091 865 3153 Milonis
883 3091 1060 3152 ostenditur:
1085 3090 1175 3155 titut-

165 3192 272 3255 meqoe
294 3177 404 3237 deceat
410 3220 419 3253 ,
441 3195 510 3238 caim
533 3173 565 3240 Τ.
579 3172 700 3236 Annius
717 3177 784 3256 ipse
798 3177 898 3254 anapia
918 3176 956 3236 de
971 3176 1176 3254 reipublicae

160 3261 264 3321 ¹solute
286 3276 377 3339 quom
399 3261 439 3322 de
459 3279 518 3321 suo
535 3261 743 3337 perturbetur.
780 3258 894 3320 Deinde
911 3259 993 3338 quasi
1009 3258 1173 3338 obiurgatio

137 3342 140 3354 '
164 3344 210 3400 sui
233 3351 291 3402 est:
317 3341 367 3404 Me
388 3345 432 3405 od
455 3345 521 3405 eius
542 3353 798 3421 consumptorem
819 3343 916 3405 ammi
936 3343 1174 3420 mcpnitudinem

120 3424 278 3506 coefferre
292 3443 353 3486 uon
368 3444 470 3504 posse.
495 3425 574 3500 ,Tum
597 3426 797 3486 invidiosiora:
819 3423 931 3488 Tamen
949 3425 1026 3488 doce
1039 3427 1115 3488 nooi
1126 3428 1171 3489 iu·
