2494 3952
203 217 261 282 198
520 229 885 290 urnamqnmnrum

200 387 286 447 etiam
304 382 505 463 dignitatibus,
528 391 558 444 nt
584 382 725 444 libertatis
751 391 869 444 nostrae
894 384 968 444 ratio
988 383 1135 459 reddatur,
1159 403 1190 444 na

200 472 264 548 quis
279 485 333 528 nos
348 475 396 529 aut
409 467 574 546 petulantes
588 469 617 526 in
638 467 786 527 laedendis
808 469 851 527 eis
872 475 921 528 ant
936 467 1020 528 etiarn
1035 466 1190 528 ambitiosos

199 561 292 632 putet.
330 550 431 630 ltaque
449 547 573 627 cicero,
596 568 758 628 quanquam
779 551 887 610 eratin
905 548 1019 611 Cottam
1033 552 1190 628 gravissime

199 637 344 711 dicturus,
366 652 462 712 neque
479 634 564 695 aliter
580 635 627 710 agi
644 633 675 694 Ρ.
693 632 779 712 Oppii
797 651 885 694 cansa
907 642 1038 711 poterat,
1059 634 1144 711 longa
1157 643 1190 694 ta·

157 727 264 785 odmen
279 717 460 798 praefatione
476 718 627 778 excusarit
642 716 732 776 oldcii
744 717 788 776 sui
800 718 1016 777 necessitatem.
1040 716 1190 794 Aliquando

200 805 286 864 etiam
306 800 492 863 inferioribus
516 802 734 879 praecipueque
755 800 985 861 adolescentulis
1009 817 1132 879 parcere
1153 809 1191 860 aut

199 887 292 948 rideri
306 885 402 946 decet.
433 884 528 945 Utitur
544 885 599 945 hac
614 884 812 944 moderatione
828 881 934 944 Cicero
950 901 1004 962 pro
1019 882 1120 964 Caelio
1135 901 1190 944 con·

199 981 243 1031 tra
257 969 428 1045 Atratinum,
447 978 477 1029 ut
492 986 557 1028 eum
570 985 627 1027 non
638 969 751 1028 inimice
768 969 920 1046 corripere
934 967 987 1028 sed
1002 985 1098 1047 paene
1112 968 1191 1046 patrie

199 1071 318 1113 monere
337 1053 479 1113 rideatur.
516 1050 589 1112 Nam
612 1061 643 1112 et
665 1050 770 1112 nobilis
792 1061 823 1112 et
840 1051 952 1112 invenis
976 1060 1006 1111 et
1027 1068 1086 1111 non
1100 1053 1189 1110 iniusto

199 1138 302 1197 dolore
317 1144 438 1197 uenerat
453 1136 488 1197 ad
504 1136 705 1196 accusandum.

283 1220 342 1281 Sed
356 1222 385 1280 in
401 1219 445 1279 his
462 1219 591 1298 quidem,
608 1219 756 1298 inquibus
772 1220 822 1281 rel
837 1220 923 1280 iudici
942 1221 990 1282 rel
1011 1222 1098 1281 etiarn
1111 1228 1190 1280 astan-

199 1305 274 1364 tibus
300 1305 373 1364 ratio
400 1312 518 1364 nostrae
540 1303 746 1365 moderationis
772 1302 890 1382 probari
911 1303 1015 1381 debet,
1046 1305 1137 1364 minor
1155 1309 1190 1361 est

200 1387 297 1454 labor:
316 1387 377 1448 illic
394 1387 460 1465 plus
476 1387 671 1463 difficultatis,
690 1387 738 1448 ubi
753 1389 850 1465 ipsos,
868 1396 969 1449 contra
985 1405 1061 1467 qnos
1075 1389 1188 1458 dicimm‚

156 1475 333 1532 deseremur
347 1469 505 1531 offendere.
533 1470 616 1531 Duae
630 1471 714 1532 simul
729 1471 890 1531 huiusmodi
904 1489 1053 1549 personae
1071 1468 1189 1531 Ciceroni

200 1571 253 1633 pro
269 1553 387 1614 llnrena
402 1553 507 1614 dicenti
522 1554 705 1630 obstiterunt,
721 1553 760 1614 ll.
773 1553 891 1615 (latomis
902 1556 1059 1635 Serviique
1075 1551 1188 1632 Sulpicii.

200 1637 291 1711 Quam
305 1637 445 1698 decenter
459 1646 553 1697 tamen
568 1638 714 1716 Sulpicio,
734 1657 797 1699 cnm
812 1655 911 1698 omnes
930 1641 1129 1700 concessisset
1143 1637 1187 1694 rir-

200 1729 287 1796 tutes‚
303 1721 451 1781 scientiam
469 1721 586 1798 petendi
603 1722 770 1782 consulatus
788 1719 915 1782 ademit?
945 1721 1023 1796 Quid
1040 1725 1113 1783 enim
1127 1717 1187 1780 alind

201 1813 296 1880 esset,
324 1821 381 1882 quo
407 1822 440 1864 se
462 1806 568 1864 rictum
588 1805 675 1865 homo
704 1805 810 1867 nobilis
831 1815 861 1866 et
883 1807 953 1866 iuris
974 1808 1098 1867 antistes
1114 1803 1187 1880 magis

200 1886 310 1947 lerreti
345 1886 382 1948 Ut
396 1904 467 1949 uero
483 1890 623 1948 rationem
640 1889 816 1949 defensionis
837 1907 908 1948 suae
927 1889 1072 1967 reddidit,
1095 1901 1187 1949 cumae

200 1971 345 2031 studuisse
359 1973 491 2049 petitioni
503 1973 624 2050 Sulpicii
637 1982 737 2033 contro
749 1974 888 2034 honorem
899 1972 1052 2051 Murenae,
1063 1992 1118 2034 non
1128 1972 1187 2032 idem

156 2053 309 2116 lttdebcre
334 2056 440 2134 actioni
467 2065 567 2114 eontra
590 2065 692 2134 capnt,
719 2054 852 2116 diceret?
896 2055 987 2130 Quam
1008 2059 1092 2118 molli
1111 2063 1187 2116 auten

199 2137 322 2197 articulo
338 2139 470 2200 tractavit
483 2136 646 2214 Catonem?
675 2141 755 2199 cuius
776 2149 904 2201 naturam
924 2158 1032 2200 summe
1051 2142 1185 2202 admiratur

198 2238 255 2280 non
271 2222 360 2300 ipsius
375 2222 445 2282 vitio
460 2221 514 2282 sed
529 2224 646 2283 Stoicae
662 2232 761 2283 sectae
776 2223 944 2303 quibusdem
959 2226 987 2283 in
997 2225 1089 2285 rebus
1101 2225 1187 2284 lactan

199 2303 344 2364 duriorem
361 2305 453 2365 rideri
470 2305 603 2375 volebat3
625 2316 655 2367 ut
675 2309 751 2366 inter
769 2324 822 2366 eos
843 2324 900 2367 non
918 2307 1068 2368 lonensem
1086 2315 1185 2368 conten-

157 2388 303 2451 iltionem
315 2388 368 2448 sed
385 2389 543 2450 studiosam
557 2389 777 2469 disputationem
793 2391 932 2451 crederes
947 2392 1095 2452 incidisse.
1120 2387 1186 2449 llaec

199 2479 245 2530 est
260 2471 393 2548 prolecto
408 2473 498 2547 ratio,
522 2481 551 2531 et
572 2475 761 2534 certissimum
776 2483 999 2554 praeceptarum
1014 2493 1108 2552 genus
1123 2471 1186 2531 illins

198 2554 251 2613 riri
267 2553 452 2630 obseruatio,
473 2564 520 2632 ut,
543 2574 607 2616 cnm
621 2558 728 2636 aliquid
743 2557 897 2618 detrahere
913 2559 993 2619 salva
1007 2561 1101 2636 gratia
1116 2554 1186 2623 velis,

198 2638 344 2698 concedas
360 2639 415 2700 alia
431 2640 540 2700 omnia:
563 2641 591 2698 in
610 2640 668 2700 lroc
684 2640 751 2701 solo
764 2641 812 2701 vol
826 2642 918 2701 minus
933 2644 1056 2720 peritum
1075 2657 1153 2721 qnam
1165 2637 1187 2692 it

198 2723 321 2798 ceteris,
340 2722 467 2799 adiecta,
490 2725 515 2782 si
536 2725 643 2802 poterit
660 2724 738 2800 lieri,
762 2726 848 2785 etiam
862 2743 964 2801 causa,
984 2743 1035 2784 cur
1052 2726 1081 2786 id
1097 2727 1132 2783 ita
1147 2721 1184 2788 sit,

196 2806 245 2865 uel
260 2806 347 2884 paulo
363 2809 585 2884 pertinaciorem
600 2808 648 2866 vel
669 2807 815 2868 credulum
832 2808 881 2868 vel
896 2810 1013 2884 iratam,
1035 2809 1084 2868 vel
1099 2801 1185 2883 impul·

155 2894 257 2950 7asam
272 2888 308 2948 ab
330 2889 403 2950 aliis.
435 2890 500 2950 lloc
515 2890 573 2951 illis
595 2907 744 2950 commane
762 2892 919 2952 remedium
941 2900 1002 2966 est,
1024 2893 1080 2951 nisi
1094 2893 1122 2950 in
1136 2893 1185 2948 tota

197 2973 311 3032 actione
327 2973 488 3052 aequaliter
505 2983 645 3052 appareat
668 2990 725 3033 non
746 2973 840 3034 honor
853 2975 938 3035 modo
956 2975 1108 3036 sedetiam
1124 2969 1184 3032 cari·

197 3064 250 3116 tus.
294 3055 451 3117 Praeterea
473 3075 560 3118 cansa
581 3059 618 3118 rit
638 3057 721 3117 nohis
742 3060 817 3119 iusta
837 3060 880 3119 sic
902 3058 1032 3135 dicendi,
1052 3074 1144 3136 neque
1162 3049 1184 3110 il

155 3139 344 3204 idmoderate
366 3149 472 3200 tantum
493 3141 631 3202 iaciamus
652 3141 705 3201 sed
727 3143 812 3203 etiam
833 3144 1011 3204 necessario.
1045 3142 1184 3201 Diversum

197 3223 232 3283 ab
254 3223 311 3284 hoc
330 3224 383 3284 sed
406 3223 538 3300 facilins,
566 3242 629 3285 cum
650 3225 794 3286 hominnm
815 3235 863 3288 aut
882 3226 989 3305 alioqui
1014 3227 1132 3304 turpium
1145 3225 1184 3280 aut

197 3307 279 3368 nobis
301 3309 457 3368 invisorum
477 3308 617 3386 quaedam
642 3309 718 3369 lacta
739 3309 880 3372 laudanda
901 3319 975 3370 sunt.
1005 3309 1099 3369 Decet
1119 3304 1183 3366 enin

196 3408 257 3449 rem
272 3392 363 3469 ipsam
379 3391 503 3469 probare
518 3393 546 3451 in
562 3393 753 3472 qualicunque
767 3411 902 3472 persona.
930 3393 1009 3454 Dixit
1024 3391 1124 3452 Cicero
1137 3400 1182 3466 prt

75 3523 78 3528 Α
197 3469 316 3533 Gabinio
333 3483 362 3534 et
378 3475 409 3535 P.
424 3474 550 3553 Vatinio,
566 3477 767 3536 inimicissimis
781 3487 865 3539 antea
879 3477 933 3539 silri
949 3476 1104 3538 hominibus
1118 3479 1145 3532 et
1160 3468 1183 3526 in
