2494 3952
157 157 216 220 tot
502 169 539 216 ur.
555 167 633 215 rae.
646 167 865 228 quruurnmur

109 324 229 390 ttialso
246 324 404 389 existimat:
429 329 459 383 et
473 320 568 383 Pollio
586 329 616 382 et
628 319 754 382 Messala
769 317 960 382 defenderunt
975 323 1113 402 eosdem,
1130 334 1165 387 et

144 407 238 476 ‘nobis
265 409 364 487 pueris
395 407 523 484 insigues
549 423 603 486 pro
631 404 781 466 Voluseno
807 404 910 466 Gatulo
936 405 1054 467 Domitii
1083 408 1163 486 hiri,
1217 474 1220 483 ,

153 491 249 570 Grispi
264 491 410 565 Passieni,
432 489 544 551 Decimi
565 489 655 550 Laelii
679 491 826 551 orationes
848 490 1024 551 ferebantur.
1055 491 1164 572 Neque
1214 504 1236 559 ,¹¹

151 577 180 638 id
196 576 291 635 statim
306 575 416 652 legenti
431 591 601 653 persuasum
617 575 664 649 sit,
683 575 792 650 omnia,
815 591 890 652 quoe
906 576 1006 652 optimi
1023 585 1163 636 auctores
1211 572 1235 658 p'ss

153 659 294 734 dixerint,
317 660 415 737 utique
441 675 508 718 esse
530 657 673 737 perlecta.
712 657 784 718 Nam
807 668 837 717 et
858 657 990 718 labuntur
1005 659 1163 738 aliquando
1229 708 1234 721 .

153 754 182 805 et
205 745 287 803 oneri
313 743 418 802 cedunt
441 751 470 802 et
492 741 641 819 indulgent
663 743 843 818 ingeniorum
867 759 982 802 suorum
1005 743 1161 822 voluptati,
1228 742 1234 825 l

151 845 207 890 nec
223 845 339 906 semper
351 827 499 886 intendunt
521 827 657 900 animum,
680 843 880 904 nonnunquam
900 827 1073 903 fatigantur3
1100 847 1162 888 curn
1228 832 1233 869 ²

153 910 288 974 Ciceroni
302 913 458 972 dormitare
475 910 587 970 interim
602 908 831 984 Demosthenes,
851 909 970 970 Horatio
986 929 1060 970 vero
1078 914 1162 972 etiam

107 995 292 1060 ballomerus
312 997 376 1073 ipse
394 995 535 1054 videatur.
570 994 676 1053 Summi
694 995 769 1054 enim
790 1003 871 1066 sunt,
896 993 1026 1054 homines
1052 1004 1161 1071 tamen,

151 1080 315 1157 acciditque
339 1078 399 1154 his,
424 1078 488 1157 qui,
512 1077 650 1158 quidquid
667 1077 743 1156 apud
759 1077 826 1137 illos
843 1087 1027 1155 repererunt,
1045 1079 1162 1139 dicendi

151 1163 248 1241 legem
263 1170 380 1242 putant,
404 1171 434 1222 ut
450 1163 595 1224 deteriora
618 1163 777 1236 imitentur,
801 1161 844 1239 (id
869 1163 943 1221 enim
967 1171 1013 1220 est
1030 1163 1161 1243 facilius)
1202 1196 1208 1257 1

151 1265 186 1308 ec
202 1265 234 1308 se
251 1245 364 1308 abunde
381 1246 491 1306 similes
503 1253 614 1324 putent,
633 1246 657 1304 si
673 1246 741 1304 vitia
752 1261 920 1322 magnorum
934 1256 1159 1324 consequantur.

62 1385 83 1395 .,
106 1329 284 1398 telludesto
308 1340 402 1390 tamen
424 1339 453 1390 et
477 1330 690 1408 circumspecto
714 1329 820 1388 iudicio
843 1330 879 1389 de
901 1332 986 1390 tantis
1005 1332 1078 1390 viris
1095 1349 1160 1410 pro·

150 1416 333 1476 nuntiandum
354 1423 413 1488 est,
436 1431 489 1487 ne,
512 1413 589 1492 quod
611 1412 761 1492 plerisque
785 1414 905 1489 accidit,
933 1413 1069 1474 damnent
1089 1433 1161 1495 quae

150 1515 207 1558 non
222 1499 396 1575 intelligunt.
431 1497 476 1556 Ae
491 1499 515 1554 si
531 1515 656 1556 necesse
673 1498 761 1556 estin
777 1497 897 1558 alteram
913 1515 1013 1559 errare
1029 1509 1159 1577 partem:

150 1585 243 1643 omnio
260 1599 360 1642 eorum
379 1579 543 1658 legentibus
558 1581 680 1659 placere
696 1599 779 1658 quam
799 1581 886 1642 multa
902 1582 1081 1660 displicere,
1104 1601 1161 1643 ma·

150 1666 261 1726 luerim.

105 1761 140 1817 at
232 1749 385 1810 Plurimum
405 1749 474 1808 dicit
493 1750 602 1810 oratori
620 1749 755 1810 conferre
771 1748 987 1827 Theophrastus
1003 1750 1160 1812 lectionem

150 1844 358 1913 poetarum,
385 1834 525 1912 multique
547 1835 609 1893 eius
633 1833 767 1893 iudicium
788 1843 961 1912 sequuntur;
988 1852 1087 1913 neque
1112 1838 1158 1895 im·

148 1921 262 1978 merito.
298 1917 428 1996 Namque
452 1917 487 1978 ab
509 1917 554 1978 his
575 1919 602 1976 in
626 1916 713 1977 rebus
730 1919 847 1996 spiritus
866 1927 895 1976 et
911 1918 939 1976 in
954 1917 1053 1977 verbis
1071 1918 1159 1978 subli-

148 2004 232 2062 mitas
249 2011 278 2061 et
294 2004 321 2060 in
333 2001 485 2061 affectibus
498 2010 592 2076 motus
605 2002 696 2060 omnis
708 2003 774 2061 etin
785 2003 919 2080 personis
935 2001 1027 2061 decor
1040 2005 1158 2080 petitur,

149 2087 368 2166 praecipueque
397 2085 478 2145 velut
507 2087 601 2145 attrita
635 2086 779 2145 cotidiano
812 2093 877 2146 actu
906 2086 1016 2145 lorensi
1044 2089 1159 2164 ingenia

150 2171 259 2248 optime
282 2187 377 2230 rerum
394 2169 491 2229 talium
513 2169 652 2230 blanditie
674 2179 854 2247 reparantur.
896 2168 1026 2247 ideoque
1050 2171 1079 2229 in
1107 2171 1159 2232 hac

105 2253 277 2319 aelectione
295 2253 400 2314 Cicero
427 2252 667 2331 requiescendum
689 2262 778 2331 putat.
817 2251 1030 2315 Meminerimus
1052 2263 1161 2330 tamen,

149 2355 206 2396 non
223 2357 278 2416 per
298 2339 392 2398 omnia
409 2347 512 2415 poetas
535 2355 603 2396 esse
626 2339 735 2396 oratori
756 2337 922 2415 sequendos
943 2355 998 2397 uec
1020 2337 1160 2399 libertate

148 2420 303 2481 verborum
320 2439 375 2480 uec
398 2420 514 2480 lieentia
533 2421 703 2497 figurarum
725 2440 817 2498 genus
835 2403 1032 2482 ostentationi
1040 2439 1158 2502 compa

148 2513 240 2564 ratum
256 2515 286 2565 et
304 2512 423 2584 praeter
439 2503 482 2578 id,
514 2502 591 2582 quod
614 2505 721 2564 solam
735 2507 807 2583 petit
833 2505 1013 2584 voluptatem
1036 2524 1159 2586 eamque
1206 2502 1214 2571 i

148 2590 233 2649 etiam
246 2587 381 2668 lingendo
395 2605 453 2647 non
470 2587 543 2648 ialsa
554 2589 640 2650 modo
656 2589 806 2650 sedetiam
821 2587 960 2668 quaedam
977 2590 1161 2651 incredibilia

104 2683 292 2749 assectatur,
315 2673 477 2752 patrocinio
501 2690 617 2751 quoque
639 2673 736 2751 aliquo
758 2675 864 2734 iuvari:
887 2673 964 2751 quod
986 2673 1109 2750 alligata
1125 2673 1160 2734 ad

149 2766 258 2818 certam
276 2759 380 2837 pedum
396 2759 602 2818 necessitatem
624 2774 681 2816 non
703 2775 820 2836 semper
838 2759 877 2816 uti
898 2758 1025 2836 propriis
1050 2760 1158 2837 possit,

148 2840 201 2912 sed
217 2841 338 2919 depulsa
354 2850 436 2902 recto
451 2844 497 2901 via
515 2843 684 2902 necessario
708 2842 743 2902 ad
765 2841 920 2920 eloquendi
942 2841 1085 2920 queedam
1110 2843 1159 2903 de·

148 2925 290 2986 vertibula
304 2925 461 3003 confugiat,
478 2944 533 2986 nec
550 2935 660 2986 mutere
678 2926 818 3004 quaedam
830 2925 915 2986 modo
932 2925 1093 2987 verba'sed
1109 2945 1157 2986 ex·

147 3009 285 3085 tendere,
305 3011 472 3088 corripere,
492 3019 682 3084 convertere,
701 3008 829 3070 dividere
847 3018 984 3088 cogatur:
1006 3025 1062 3069 nos
1086 3027 1158 3070 vero

144 3103 272 3153 armatos
298 3102 376 3153 stare
400 3095 427 3152 in
450 3094 514 3154 acie
537 3103 566 3153 et
587 3096 703 3154 summis
725 3094 761 3154 de
783 3093 870 3156 rebus
892 3094 1056 3154 decernere
1074 3094 1153 3155 etad

102 3179 298 3246 scriotoriam
314 3179 374 3237 niti.
403 3176 506 3277 Neque
528 3195 601 3255 ergo
627 3197 705 3238 arma
727 3178 863 3256 squalere
888 3180 944 3237 situ
966 3195 1000 3238 ac
1021 3177 1155 3256 rubigine

147 3261 244 3338 velim,
259 3261 310 3322 sed
332 3261 501 3339 fulgorem
493 3281 590 3322 messe
608 3264 656 3340 qui
671 3271 795 3338 terreat,
819 3262 911 3341 qualis
928 3268 973 3321 est
987 3259 1075 3338 ierri,
1097 3277 1152 3342 quc

146 3361 227 3404 mens
236 3346 357 3406 simul'
330 3364 467 3428 visusque
480 3347 714 3425 praestringitur;
727 3363 784 3405 non
795 3347 888 3428 qualis
900 3345 1153 3426 auriargentique,

107 3426 271 3488 imbellis
289 3438 319 3489 et
333 3432 431 3508 potius
445 3429 561 3490 habenti
577 3430 772 3508 periculosus.
