<?xml version="1.0" encoding="UTF-8"?>
<!DOCTYPE html PUBLIC "-//W3C//DTD XHTML 1.0 Transitional//EN"
    "http://www.w3.org/TR/xhtml1/DTD/xhtml1-transitional.dtd">
<html xmlns="http://www.w3.org/1999/xhtml" xml:lang="en" lang="en">
 <head>
  <title>
</title>
<meta http-equiv="Content-Type" content="text/html;charset=utf-8" />
  <meta name='ocr-system' content='tesseract 3.04.00' />
  <meta name='ocr-capabilities' content='ocr_page ocr_carea ocr_par ocr_line ocrx_word'/>
</head>
<body>
  <div class='ocr_page' id='page_1' title='image "./mfabiiquintilia04quingoog_0549.png"; bbox 0 0 2470 3962; ppageno 0'>
   <div class='ocr_carea' id='block_1_1' title="bbox 159 133 966 203">
    <p class='ocr_par' dir='ltr' id='par_1_1' title="bbox 159 133 966 203">
     <span class='ocr_line' id='line_1_1' title="bbox 159 133 966 203; baseline -0.007 -8"><span class='ocrx_word' id='word_1_1' title='bbox 159 133 220 195; x_wconf 80' lang='lat' dir='ltr'><strong>aot</strong></span> <span class='ocrx_word' id='word_1_2' title='bbox 486 145 522 191; x_wconf 82' lang='lat' dir='ltr'><strong>u.</strong></span> <span class='ocrx_word' id='word_1_3' title='bbox 535 143 613 191; x_wconf 79' lang='lat' dir='ltr'><strong>nan.</strong></span> <span class='ocrx_word' id='word_1_4' title='bbox 630 143 850 203; x_wconf 77' lang='lat' dir='ltr'><strong>omunmmur</strong></span> <span class='ocrx_word' id='word_1_5' title='bbox 962 163 966 171; x_wconf 92' lang='lat'>-</span> 
     </span>
    </p>
   </div>
   <div class='ocr_carea' id='block_1_2' title="bbox 160 297 1168 545">
    <p class='ocr_par' dir='ltr' id='par_1_2' title="bbox 160 297 1168 545">
     <span class='ocr_line' id='line_1_2' title="bbox 161 297 1165 376; baseline 0.001 -16"><span class='ocrx_word' id='word_1_6' title='bbox 161 299 321 361; x_wconf 85' lang='lat' dir='ltr'><strong>efficiendis</strong></span> <span class='ocrx_word' id='word_1_7' title='bbox 336 299 439 360; x_wconf 91' lang='lat' dir='ltr'><strong>melior</strong></span> <span class='ocrx_word' id='word_1_8' title='bbox 453 299 558 360; x_wconf 83' lang='lat' dir='ltr'><strong>artifex</strong></span> <span class='ocrx_word' id='word_1_9' title='bbox 574 298 717 374; x_wconf 91' lang='lat' dir='ltr'><strong>creditur,</strong></span> <span class='ocrx_word' id='word_1_10' title='bbox 739 299 767 356; x_wconf 91' lang='lat' dir='ltr'><strong>in</strong></span> <span class='ocrx_word' id='word_1_11' title='bbox 790 297 881 359; x_wconf 83' lang='lat' dir='ltr'><strong>ebore</strong></span> <span class='ocrx_word' id='word_1_12' title='bbox 898 315 970 357; x_wconf 88' lang='lat' dir='ltr'><strong>vero</strong></span> <span class='ocrx_word' id='word_1_13' title='bbox 987 298 1077 376; x_wconf 88' lang='lat' dir='ltr'><strong>longe</strong></span> <span class='ocrx_word' id='word_1_14' title='bbox 1092 303 1165 361; x_wconf 83' lang='lat' dir='ltr'><strong>citra</strong></span> 
     </span>
     <span class='ocr_line' id='line_1_3' title="bbox 161 379 1166 461; baseline -0.003 -17"><span class='ocrx_word' id='word_1_15' title='bbox 161 385 318 458; x_wconf 87' lang='lat' dir='ltr'><strong>aemulum,</strong></span> <span class='ocrx_word' id='word_1_16' title='bbox 341 384 390 444; x_wconf 89' lang='lat' dir='ltr'><strong>vel</strong></span> <span class='ocrx_word' id='word_1_17' title='bbox 413 385 436 442; x_wconf 89' lang='lat' dir='ltr'><strong>si</strong></span> <span class='ocrx_word' id='word_1_18' title='bbox 455 382 525 444; x_wconf 81' lang='lat' dir='ltr'>nihil</span> <span class='ocrx_word' id='word_1_19' title='bbox 547 382 602 442; x_wconf 90' lang='lat' dir='ltr'><strong>nisi</strong></span> <span class='ocrx_word' id='word_1_20' title='bbox 617 379 774 442; x_wconf 82' lang='lat' dir='ltr'><strong>Mineruam</strong></span> <span class='ocrx_word' id='word_1_21' title='bbox 790 380 911 441; x_wconf 82' lang='lat' dir='ltr'><strong>Athenis</strong></span> <span class='ocrx_word' id='word_1_22' title='bbox 935 391 984 442; x_wconf 90' lang='lat' dir='ltr'><strong>aut</strong></span> <span class='ocrx_word' id='word_1_23' title='bbox 1001 379 1166 461; x_wconf 73' lang='lat' dir='ltr'><strong>Olympium</strong></span> 
     </span>
     <span class='ocr_line' id='line_1_4' title="bbox 160 465 1168 545; baseline 0 -17"><span class='ocrx_word' id='word_1_24' title='bbox 160 469 188 528; x_wconf 92' lang='lat' dir='ltr'><strong>in</strong></span> <span class='ocrx_word' id='word_1_25' title='bbox 203 466 289 527; x_wconf 84' lang='lat' dir='ltr'><strong>Elide</strong></span> <span class='ocrx_word' id='word_1_26' title='bbox 304 467 404 528; x_wconf 90' lang='lat' dir='ltr'><strong>lovem</strong></span> <span class='ocrx_word' id='word_1_27' title='bbox 420 468 558 541; x_wconf 76' lang='lat' dir='ltr'><strong>fecisset,</strong></span> <span class='ocrx_word' id='word_1_28' title='bbox 583 466 663 524; x_wconf 89' lang='lat' dir='ltr'><strong>cuius</strong></span> <span class='ocrx_word' id='word_1_29' title='bbox 684 465 869 544; x_wconf 80' lang='lat' dir='ltr'><strong>pulchritudo</strong></span> <span class='ocrx_word' id='word_1_30' title='bbox 887 466 1034 526; x_wconf 90' lang='lat' dir='ltr'><strong>adiecisse</strong></span> <span class='ocrx_word' id='word_1_31' title='bbox 1058 466 1168 545; x_wconf 86' lang='lat' dir='ltr'><strong>aliquid</strong></span> 
     </span>
    </p>
   </div>
   <div class='ocr_carea' id='block_1_3' title="bbox 157 548 1220 640">
    <p class='ocr_par' dir='ltr' id='par_1_3' title="bbox 157 548 1220 640">
     <span class='ocr_line' id='line_1_5' title="bbox 157 548 1220 640; baseline -0.002 -29"><span class='ocrx_word' id='word_1_32' title='bbox 157 552 243 612; x_wconf 90' lang='lat' dir='ltr'><strong>etiam</strong></span> <span class='ocrx_word' id='word_1_33' title='bbox 258 561 399 630; x_wconf 77' lang='lat' dir='ltr'><strong>receptae</strong></span> <span class='ocrx_word' id='word_1_34' title='bbox 414 551 549 628; x_wconf 79' lang='lat' dir='ltr'><strong>religioni</strong></span> <span class='ocrx_word' id='word_1_35' title='bbox 566 549 694 618; x_wconf 67' lang='lat' dir='ltr'><strong>videtum</strong></span> <span class='ocrx_word' id='word_1_36' title='bbox 716 548 790 610; x_wconf 88' lang='lat' dir='ltr'><strong>adeo</strong></span> <span class='ocrx_word' id='word_1_37' title='bbox 807 551 942 610; x_wconf 85' lang='lat' dir='ltr'><strong>maiestas</strong></span> <span class='ocrx_word' id='word_1_38' title='bbox 964 551 1067 628; x_wconf 90' lang='lat' dir='ltr'><strong>operis</strong></span> <span class='ocrx_word' id='word_1_39' title='bbox 1083 551 1167 610; x_wconf 88' lang='lat' dir='ltr'><strong>deum</strong></span> <span class='ocrx_word' id='word_1_40' title='bbox 1218 609 1220 640; x_wconf 21' lang='grc' dir='ltr'>ᾗ</span> 
     </span>
    </p>
   </div>
   <div class='ocr_carea' id='block_1_4' title="bbox 80 632 1220 2576">
    <p class='ocr_par' dir='ltr' id='par_1_4' title="bbox 80 632 1171 2555">
     <span class='ocr_line' id='line_1_6' title="bbox 157 632 1167 713; baseline -0.004 -17"><span class='ocrx_word' id='word_1_41' title='bbox 157 634 301 713; x_wconf 90' lang='lat' dir='ltr'><strong>aequavit.</strong></span> <span class='ocrx_word' id='word_1_42' title='bbox 341 635 387 695; x_wconf 83' lang='lat' dir='ltr'><strong>Ad</strong></span> <span class='ocrx_word' id='word_1_43' title='bbox 409 637 560 696; x_wconf 86' lang='lat' dir='ltr'><strong>veritatem</strong></span> <span class='ocrx_word' id='word_1_44' title='bbox 577 633 733 712; x_wconf 77' lang='lat' dir='ltr'><strong>Lysippum</strong></span> <span class='ocrx_word' id='word_1_45' title='bbox 757 651 791 692; x_wconf 91' lang='lat' dir='ltr'><strong>ac</strong></span> <span class='ocrx_word' id='word_1_46' title='bbox 807 632 974 693; x_wconf 80' lang='lat' dir='ltr'><strong>Praxitelen</strong></span> <span class='ocrx_word' id='word_1_47' title='bbox 998 635 1167 694; x_wconf 82' lang='lat' dir='ltr'><strong>accessisse</strong></span> 
     </span>
     <span class='ocr_line' id='line_1_7' title="bbox 158 716 1167 797; baseline -0.003 -18"><span class='ocrx_word' id='word_1_48' title='bbox 158 720 265 797; x_wconf 93' lang='lat' dir='ltr'><strong>optime</strong></span> <span class='ocrx_word' id='word_1_49' title='bbox 288 719 441 779; x_wconf 89' lang='lat' dir='ltr'><strong>allirmant</strong></span> <span class='ocrx_word' id='word_1_50' title='bbox 473 716 545 778; x_wconf 86' lang='lat' dir='ltr'><strong>Nam</strong></span> <span class='ocrx_word' id='word_1_51' title='bbox 563 717 728 777; x_wconf 89' lang='lat' dir='ltr'><strong>Demetrius</strong></span> <span class='ocrx_word' id='word_1_52' title='bbox 746 726 880 794; x_wconf 89' lang='lat' dir='ltr'><strong>tanquam</strong></span> <span class='ocrx_word' id='word_1_53' title='bbox 895 717 999 776; x_wconf 89' lang='lat' dir='ltr'><strong>nimius</strong></span> <span class='ocrx_word' id='word_1_54' title='bbox 1020 719 1051 776; x_wconf 91' lang='lat' dir='ltr'><strong>in</strong></span> <span class='ocrx_word' id='word_1_55' title='bbox 1068 735 1103 777; x_wconf 88' lang='lat' dir='ltr'><strong>ea</strong></span> <span class='ocrx_word' id='word_1_56' title='bbox 1121 736 1167 776; x_wconf 85' lang='lat' dir='ltr'><strong>re·</strong></span> 
     </span>
     <span class='ocr_line' id='line_1_8' title="bbox 158 799 1165 900; baseline -0.002 -38"><span class='ocrx_word' id='word_1_57' title='bbox 158 802 348 882; x_wconf 85' lang='lat' dir='ltr'><strong>prehenditur</strong></span> <span class='ocrx_word' id='word_1_58' title='bbox 364 812 393 863; x_wconf 93' lang='lat' dir='ltr'><strong>et</strong></span> <span class='ocrx_word' id='word_1_59' title='bbox 408 803 461 862; x_wconf 89' lang='lat' dir='ltr'><strong>luit</strong></span> <span class='ocrx_word' id='word_1_60' title='bbox 477 801 667 861; x_wconf 83' lang='lat' dir='ltr'><strong>similitudinis</strong></span> <span class='ocrx_word' id='word_1_61' title='bbox 680 818 765 880; x_wconf 90' lang='lat' dir='ltr'><strong>quam</strong></span> <span class='ocrx_word' id='word_1_62' title='bbox 776 799 998 900; x_wconf 84' lang='lat' dir='ltr'><strong>pulchritudinis</strong></span> <span class='ocrx_word' id='word_1_63' title='bbox 1014 803 1165 862; x_wconf 81' lang='lat' dir='ltr'><strong>amantior.</strong></span> 
     </span>
     <span class='ocr_line' id='line_1_9' title="bbox 114 880 1169 963; baseline -0.006 -13"><span class='ocrx_word' id='word_1_64' title='bbox 114 897 149 950; x_wconf 90' lang='lat'><strong>10</strong></span> <span class='ocrx_word' id='word_1_65' title='bbox 242 880 278 948; x_wconf 78' lang='grc' dir='ltr'>Ι</span> <span class='ocrx_word' id='word_1_66' title='bbox 302 889 475 946; x_wconf 89' lang='lat' dir='ltr'><strong>oratione</strong></span> <span class='ocrx_word' id='word_1_67' title='bbox 502 901 574 945; x_wconf 86' lang='lat' dir='ltr'><strong>vero</strong></span> <span class='ocrx_word' id='word_1_68' title='bbox 604 885 629 943; x_wconf 91' lang='lat' dir='ltr'><strong>si</strong></span> <span class='ocrx_word' id='word_1_69' title='bbox 657 885 774 963; x_wconf 88' lang='lat' dir='ltr'><strong>species</strong></span> <span class='ocrx_word' id='word_1_70' title='bbox 799 885 903 944; x_wconf 87' lang='lat' dir='ltr'><strong>intueri</strong></span> <span class='ocrx_word' id='word_1_71' title='bbox 924 883 1019 960; x_wconf 88' lang='lat' dir='ltr'><strong>velis,</strong></span> <span class='ocrx_word' id='word_1_72' title='bbox 1049 885 1169 946; x_wconf 88' lang='lat' dir='ltr'><strong>totidem</strong></span> 
     </span>
     <span class='ocr_line' id='line_1_10' title="bbox 158 968 1168 1049; baseline -0.003 -19"><span class='ocrx_word' id='word_1_73' title='bbox 158 988 253 1049; x_wconf 86' lang='lat' dir='ltr'><strong>paene</strong></span> <span class='ocrx_word' id='word_1_74' title='bbox 266 973 397 1048; x_wconf 88' lang='lat' dir='ltr'><strong>reperias</strong></span> <span class='ocrx_word' id='word_1_75' title='bbox 413 971 593 1048; x_wconf 87' lang='lat' dir='ltr'><strong>ingeniorum</strong></span> <span class='ocrx_word' id='word_1_76' title='bbox 608 977 680 1047; x_wconf 90' lang='lat' dir='ltr'><strong>quot</strong></span> <span class='ocrx_word' id='word_1_77' title='bbox 696 984 851 1047; x_wconf 90' lang='lat' dir='ltr'><strong>corporum</strong></span> <span class='ocrx_word' id='word_1_78' title='bbox 867 968 985 1028; x_wconf 85' lang='lat' dir='ltr'><strong>formas.</strong></span> <span class='ocrx_word' id='word_1_79' title='bbox 1010 969 1074 1029; x_wconf 89' lang='lat' dir='ltr'><strong>Sed</strong></span> <span class='ocrx_word' id='word_1_80' title='bbox 1086 968 1168 1029; x_wconf 86' lang='lat' dir='ltr'><strong>luere</strong></span> 
     </span>
     <span class='ocr_line' id='line_1_11' title="bbox 159 1051 1167 1134; baseline 0 -22"><span class='ocrx_word' id='word_1_81' title='bbox 159 1055 300 1134; x_wconf 89' lang='lat' dir='ltr'><strong>quaedam</strong></span> <span class='ocrx_word' id='word_1_82' title='bbox 325 1053 573 1131; x_wconf 81' lang='lat' dir='ltr'><strong>generedicendi</strong></span> <span class='ocrx_word' id='word_1_83' title='bbox 604 1052 777 1113; x_wconf 88' lang='lat' dir='ltr'><strong>condicione</strong></span> <span class='ocrx_word' id='word_1_84' title='bbox 806 1061 968 1130; x_wconf 90' lang='lat' dir='ltr'><strong>temporum</strong></span> <span class='ocrx_word' id='word_1_85' title='bbox 990 1051 1167 1127; x_wconf 87' lang='lat' dir='ltr'><strong>horridiora,</strong></span> 
     </span>
     <span class='ocr_line' id='line_1_12' title="bbox 159 1135 1169 1216; baseline -0.003 -19"><span class='ocrx_word' id='word_1_86' title='bbox 159 1138 268 1216; x_wconf 81' lang='lat' dir='ltr'><strong>alioqui</strong></span> <span class='ocrx_word' id='word_1_87' title='bbox 291 1156 424 1216; x_wconf 86' lang='lat' dir='ltr'><strong>maguam</strong></span> <span class='ocrx_word' id='word_1_88' title='bbox 451 1138 505 1201; x_wconf 91' lang='lat' dir='ltr'><strong>iam</strong></span> <span class='ocrx_word' id='word_1_89' title='bbox 521 1136 629 1213; x_wconf 88' lang='lat' dir='ltr'><strong>ingenii</strong></span> <span class='ocrx_word' id='word_1_90' title='bbox 644 1137 701 1195; x_wconf 90' lang='lat' dir='ltr'><strong>vim</strong></span> <span class='ocrx_word' id='word_1_91' title='bbox 715 1153 787 1215; x_wconf 88' lang='lat' dir='ltr'><strong>prae</strong></span> <span class='ocrx_word' id='word_1_92' title='bbox 805 1153 838 1195; x_wconf 86' lang='lat' dir='ltr'><strong>se</strong></span> <span class='ocrx_word' id='word_1_93' title='bbox 854 1135 989 1196; x_wconf 79' lang='lat' dir='ltr'><strong>ferentia.</strong></span> <span class='ocrx_word' id='word_1_94' title='bbox 1022 1135 1100 1196; x_wconf 92' lang='lat' dir='ltr'><strong>lliuc</strong></span> <span class='ocrx_word' id='word_1_95' title='bbox 1115 1137 1169 1194; x_wconf 89' lang='lat' dir='ltr'><strong>siut</strong></span> 
     </span>
     <span class='ocr_line' id='line_1_13' title="bbox 158 1217 1169 1299; baseline -0.003 -19"><span class='ocrx_word' id='word_1_96' title='bbox 158 1220 267 1296; x_wconf 88' lang='lat' dir='ltr'><strong>Laelii,</strong></span> <span class='ocrx_word' id='word_1_97' title='bbox 292 1221 442 1298; x_wconf 81' lang='lat' dir='ltr'><strong>Africani,</strong></span> <span class='ocrx_word' id='word_1_98' title='bbox 464 1219 591 1281; x_wconf 80' lang='lat' dir='ltr'><strong>Catones</strong></span> <span class='ocrx_word' id='word_1_99' title='bbox 618 1221 703 1280; x_wconf 91' lang='lat' dir='ltr'><strong>etiam</strong></span> <span class='ocrx_word' id='word_1_100' title='bbox 725 1217 923 1299; x_wconf 79' lang='lat' dir='ltr'><strong>Gracchique,</strong></span> <span class='ocrx_word' id='word_1_101' title='bbox 948 1235 1023 1298; x_wconf 90' lang='lat' dir='ltr'><strong>quos</strong></span> <span class='ocrx_word' id='word_1_102' title='bbox 1048 1228 1081 1279; x_wconf 90' lang='lat' dir='ltr'><strong>tn</strong></span> <span class='ocrx_word' id='word_1_103' title='bbox 1102 1219 1169 1280; x_wconf 89' lang='lat' dir='ltr'><strong>licet</strong></span> 
     </span>
     <span class='ocr_line' id='line_1_14' title="bbox 158 1301 1168 1382; baseline -0.002 -18"><span class='ocrx_word' id='word_1_104' title='bbox 158 1304 340 1381; x_wconf 79' lang='lat' dir='ltr'><strong>Polygnotos</strong></span> <span class='ocrx_word' id='word_1_105' title='bbox 356 1305 404 1365; x_wconf 86' lang='lat' dir='ltr'><strong>vel</strong></span> <span class='ocrx_word' id='word_1_106' title='bbox 423 1303 561 1364; x_wconf 83' lang='lat' dir='ltr'><strong>Callonas</strong></span> <span class='ocrx_word' id='word_1_107' title='bbox 579 1303 724 1382; x_wconf 88' lang='lat' dir='ltr'><strong>appelles.</strong></span> <span class='ocrx_word' id='word_1_108' title='bbox 755 1301 878 1364; x_wconf 84' lang='lat' dir='ltr'><strong>Mediam</strong></span> <span class='ocrx_word' id='word_1_109' title='bbox 893 1303 971 1364; x_wconf 90' lang='lat' dir='ltr'><strong>illam</strong></span> <span class='ocrx_word' id='word_1_110' title='bbox 984 1303 1113 1364; x_wconf 81' lang='lat' dir='ltr'><strong>formam</strong></span> <span class='ocrx_word' id='word_1_111' title='bbox 1127 1314 1168 1362; x_wconf 90' lang='lat' dir='ltr'><strong>te-</strong></span> 
     </span>
     <span class='ocr_line' id='line_1_15' title="bbox 115 1385 1169 1464; baseline -0.005 -14"><span class='ocrx_word' id='word_1_112' title='bbox 115 1397 245 1450; x_wconf 89' lang='lat' dir='ltr'><strong>llncant</strong></span> <span class='ocrx_word' id='word_1_113' title='bbox 265 1388 296 1448; x_wconf 84' lang='lat' dir='ltr'><strong>t.</strong></span> <span class='ocrx_word' id='word_1_114' title='bbox 319 1387 459 1464; x_wconf 78' lang='lat' dir='ltr'><strong>Crassus,</strong></span> <span class='ocrx_word' id='word_1_115' title='bbox 488 1386 523 1461; x_wconf 81' lang='lat' dir='ltr'><strong>Q.</strong></span> <span class='ocrx_word' id='word_1_116' title='bbox 547 1387 729 1447; x_wconf 87' lang='lat' dir='ltr'><strong>Hortensius.</strong></span> <span class='ocrx_word' id='word_1_117' title='bbox 773 1386 845 1446; x_wconf 82' lang='lat' dir='ltr'><strong>Tum</strong></span> <span class='ocrx_word' id='word_1_118' title='bbox 868 1385 973 1447; x_wconf 92' lang='lat' dir='ltr'><strong>deinde</strong></span> <span class='ocrx_word' id='word_1_119' title='bbox 997 1387 1169 1448; x_wconf 85' lang='lat' dir='ltr'><strong>efflorescat</strong></span> 
     </span>
     <span class='ocr_line' id='line_1_16' title="bbox 158 1471 1171 1550; baseline -0.003 -19"><span class='ocrx_word' id='word_1_120' title='bbox 158 1489 216 1531; x_wconf 92' lang='lat' dir='ltr'><strong>non</strong></span> <span class='ocrx_word' id='word_1_121' title='bbox 243 1471 360 1532; x_wconf 92' lang='lat' dir='ltr'><strong>multum</strong></span> <span class='ocrx_word' id='word_1_122' title='bbox 386 1474 461 1531; x_wconf 92' lang='lat' dir='ltr'><strong>inter</strong></span> <span class='ocrx_word' id='word_1_123' title='bbox 484 1490 516 1531; x_wconf 89' lang='lat' dir='ltr'><strong>se</strong></span> <span class='ocrx_word' id='word_1_124' title='bbox 544 1471 706 1531; x_wconf 90' lang='lat' dir='ltr'><strong>distantium</strong></span> <span class='ocrx_word' id='word_1_125' title='bbox 731 1479 864 1549; x_wconf 88' lang='lat' dir='ltr'><strong>tempore</strong></span> <span class='ocrx_word' id='word_1_126' title='bbox 892 1479 1041 1532; x_wconf 86' lang='lat' dir='ltr'><strong>oratorum</strong></span> <span class='ocrx_word' id='word_1_127' title='bbox 1065 1473 1171 1550; x_wconf 83' lang='lat' dir='ltr'><strong>ingens</strong></span> 
     </span>
     <span class='ocr_line' id='line_1_17' title="bbox 158 1551 1170 1634; baseline 0 -20"><span class='ocrx_word' id='word_1_128' title='bbox 158 1565 327 1634; x_wconf 90' lang='lat' dir='ltr'><strong>proventus.</strong></span> <span class='ocrx_word' id='word_1_129' title='bbox 363 1554 417 1615; x_wconf 93' lang='lat' dir='ltr'><strong>Hic</strong></span> <span class='ocrx_word' id='word_1_130' title='bbox 436 1557 493 1614; x_wconf 86' lang='lat' dir='ltr'><strong>uim</strong></span> <span class='ocrx_word' id='word_1_131' title='bbox 509 1551 667 1632; x_wconf 84' lang='lat' dir='ltr'><strong>Caesaris,</strong></span> <span class='ocrx_word' id='word_1_132' title='bbox 693 1554 820 1615; x_wconf 89' lang='lat' dir='ltr'><strong>indolem</strong></span> <span class='ocrx_word' id='word_1_133' title='bbox 838 1552 949 1630; x_wconf 84' lang='lat' dir='ltr'><strong>Caelii,</strong></span> <span class='ocrx_word' id='word_1_134' title='bbox 976 1553 1170 1616; x_wconf 86' lang='lat' dir='ltr'><strong>subtilitatem</strong></span> 
     </span>
     <span class='ocr_line' id='line_1_18' title="bbox 161 1635 1170 1716; baseline 0 -18"><span class='ocrx_word' id='word_1_135' title='bbox 161 1635 282 1713; x_wconf 84' lang='lat' dir='ltr'><strong>Calidii,</strong></span> <span class='ocrx_word' id='word_1_136' title='bbox 300 1638 477 1715; x_wconf 81' lang='lat' dir='ltr'><strong>diligentiam</strong></span> <span class='ocrx_word' id='word_1_137' title='bbox 491 1638 649 1715; x_wconf 92' lang='lat' dir='ltr'><strong>Pollionis,</strong></span> <span class='ocrx_word' id='word_1_138' title='bbox 666 1638 834 1716; x_wconf 89' lang='lat' dir='ltr'><strong>dignitatem</strong></span> <span class='ocrx_word' id='word_1_139' title='bbox 849 1637 1013 1715; x_wconf 83' lang='lat' dir='ltr'><strong>Messalae,</strong></span> <span class='ocrx_word' id='word_1_140' title='bbox 1032 1641 1170 1699; x_wconf 87' lang='lat' dir='ltr'><strong>sanctita·</strong></span> 
     </span>
     <span class='ocr_line' id='line_1_19' title="bbox 158 1721 1169 1800; baseline -0.001 -18"><span class='ocrx_word' id='word_1_141' title='bbox 158 1731 217 1782; x_wconf 84' lang='lat' dir='ltr'><strong>tem</strong></span> <span class='ocrx_word' id='word_1_142' title='bbox 235 1721 334 1798; x_wconf 85' lang='lat' dir='ltr'><strong>Calvi,</strong></span> <span class='ocrx_word' id='word_1_143' title='bbox 362 1723 535 1800; x_wconf 87' lang='lat' dir='ltr'><strong>gravitatem</strong></span> <span class='ocrx_word' id='word_1_144' title='bbox 550 1721 646 1798; x_wconf 90' lang='lat' dir='ltr'><strong>Bruti,</strong></span> <span class='ocrx_word' id='word_1_145' title='bbox 675 1741 794 1783; x_wconf 86' lang='lat' dir='ltr'><strong>acumen</strong></span> <span class='ocrx_word' id='word_1_146' title='bbox 810 1721 948 1800; x_wconf 90' lang='lat' dir='ltr'><strong>Sulpicii,</strong></span> <span class='ocrx_word' id='word_1_147' title='bbox 977 1721 1169 1784; x_wconf 86' lang='lat' dir='ltr'><strong>acerbitatem</strong></span> 
     </span>
     <span class='ocr_line' id='line_1_20' title="bbox 159 1803 1169 1886; baseline -0.001 -21"><span class='ocrx_word' id='word_1_148' title='bbox 159 1803 253 1866; x_wconf 79' lang='lat' dir='ltr'><strong>Cassii</strong></span> <span class='ocrx_word' id='word_1_149' title='bbox 271 1808 466 1886; x_wconf 78' lang='lat' dir='ltr'><strong>reperiemus:</strong></span> <span class='ocrx_word' id='word_1_150' title='bbox 498 1808 526 1867; x_wconf 91' lang='lat' dir='ltr'><strong>in</strong></span> <span class='ocrx_word' id='word_1_151' title='bbox 546 1807 580 1865; x_wconf 93' lang='lat' dir='ltr'><strong>iis</strong></span> <span class='ocrx_word' id='word_1_152' title='bbox 598 1807 701 1882; x_wconf 90' lang='lat' dir='ltr'><strong>etiam,</strong></span> <span class='ocrx_word' id='word_1_153' title='bbox 724 1823 797 1885; x_wconf 89' lang='lat' dir='ltr'><strong>quos</strong></span> <span class='ocrx_word' id='word_1_154' title='bbox 814 1807 871 1884; x_wconf 93' lang='lat' dir='ltr'><strong>ipsi</strong></span> <span class='ocrx_word' id='word_1_155' title='bbox 887 1806 1028 1883; x_wconf 86' lang='lat' dir='ltr'><strong>vidimus,</strong></span> <span class='ocrx_word' id='word_1_156' title='bbox 1053 1809 1169 1884; x_wconf 86' lang='lat' dir='ltr'><strong>copiam</strong></span> 
     </span>
     <span class='ocr_line' id='line_1_21' title="bbox 160 1888 1169 1968; baseline 0 -20"><span class='ocrx_word' id='word_1_157' title='bbox 160 1891 310 1968; x_wconf 86' lang='lat' dir='ltr'><strong>Senecae,</strong></span> <span class='ocrx_word' id='word_1_158' title='bbox 338 1892 417 1950; x_wconf 87' lang='lat' dir='ltr'><strong>vires</strong></span> <span class='ocrx_word' id='word_1_159' title='bbox 445 1890 592 1966; x_wconf 80' lang='lat' dir='ltr'><strong>Africani,</strong></span> <span class='ocrx_word' id='word_1_160' title='bbox 627 1891 819 1951; x_wconf 87' lang='lat' dir='ltr'><strong>maturitatem</strong></span> <span class='ocrx_word' id='word_1_161' title='bbox 843 1888 927 1965; x_wconf 78' lang='lat' dir='ltr'><strong>Afri,</strong></span> <span class='ocrx_word' id='word_1_162' title='bbox 960 1889 1169 1950; x_wconf 88' lang='lat' dir='ltr'><strong>iucunditatem</strong></span> 
     </span>
     <span class='ocr_line' id='line_1_22' title="bbox 80 1969 1168 2052; baseline -0.002 -17"><span class='ocrx_word' id='word_1_163' title='bbox 80 2041 85 2046; x_wconf 84' lang='lat'><em>.</em></span> <span class='ocrx_word' id='word_1_164' title='bbox 116 1969 272 2052; x_wconf 70' lang='lat' dir='ltr'><strong>lallrispi,</strong></span> <span class='ocrx_word' id='word_1_165' title='bbox 290 1991 391 2034; x_wconf 92' lang='lat' dir='ltr'><strong>sonum</strong></span> <span class='ocrx_word' id='word_1_166' title='bbox 408 1972 561 2050; x_wconf 88' lang='lat' dir='ltr'><strong>Trachali,</strong></span> <span class='ocrx_word' id='word_1_167' title='bbox 579 1972 752 2050; x_wconf 84' lang='lat' dir='ltr'><strong>elegantiam</strong></span> <span class='ocrx_word' id='word_1_168' title='bbox 768 1973 904 2045; x_wconf 84' lang='lat' dir='ltr'><strong>Secundi.</strong></span> <span class='ocrx_word' id='word_1_169' title='bbox 935 1971 975 2032; x_wconf 82' lang='lat' dir='ltr'><strong>At</strong></span> <span class='ocrx_word' id='word_1_170' title='bbox 990 1971 1030 2033; x_wconf 82' lang='lat' dir='ltr'><strong>ti.</strong></span> <span class='ocrx_word' id='word_1_171' title='bbox 1044 1973 1168 2034; x_wconf 84' lang='lat' dir='ltr'><strong>Tullium</strong></span> 
     </span>
     <span class='ocr_line' id='line_1_23' title="bbox 158 2056 1168 2136; baseline 0.002 -20"><span class='ocrx_word' id='word_1_172' title='bbox 158 2073 216 2116; x_wconf 92' lang='lat' dir='ltr'><strong>non</strong></span> <span class='ocrx_word' id='word_1_173' title='bbox 238 2057 317 2117; x_wconf 91' lang='lat' dir='ltr'><strong>illum</strong></span> <span class='ocrx_word' id='word_1_174' title='bbox 340 2056 477 2118; x_wconf 91' lang='lat' dir='ltr'><strong>habemus</strong></span> <span class='ocrx_word' id='word_1_175' title='bbox 493 2056 713 2136; x_wconf 86' lang='lat' dir='ltr'><strong>Euphranorem</strong></span> <span class='ocrx_word' id='word_1_176' title='bbox 731 2059 809 2118; x_wconf 91' lang='lat' dir='ltr'><strong>circa</strong></span> <span class='ocrx_word' id='word_1_177' title='bbox 829 2056 953 2136; x_wconf 91' lang='lat' dir='ltr'><strong>plurium</strong></span> <span class='ocrx_word' id='word_1_178' title='bbox 978 2057 1083 2118; x_wconf 89' lang='lat' dir='ltr'><strong>artium</strong></span> <span class='ocrx_word' id='word_1_179' title='bbox 1102 2075 1168 2136; x_wconf 88' lang='lat' dir='ltr'><strong>spe·</strong></span> 
     </span>
     <span class='ocr_line' id='line_1_24' title="bbox 159 2140 1167 2220; baseline -0.002 -20"><span class='ocrx_word' id='word_1_180' title='bbox 159 2142 220 2200; x_wconf 88' lang='lat' dir='ltr'><strong>cies</strong></span> <span class='ocrx_word' id='word_1_181' title='bbox 236 2150 433 2219; x_wconf 88' lang='lat' dir='ltr'><strong>praestantem</strong></span> <span class='ocrx_word' id='word_1_182' title='bbox 451 2141 547 2202; x_wconf 92' lang='lat' dir='ltr'><strong>sedin</strong></span> <span class='ocrx_word' id='word_1_183' title='bbox 563 2140 710 2217; x_wconf 88' lang='lat' dir='ltr'><strong>omnibus,</strong></span> <span class='ocrx_word' id='word_1_184' title='bbox 734 2159 808 2220; x_wconf 91' lang='lat' dir='ltr'><strong>quae</strong></span> <span class='ocrx_word' id='word_1_185' title='bbox 825 2143 853 2200; x_wconf 95' lang='lat' dir='ltr'><strong>in</strong></span> <span class='ocrx_word' id='word_1_186' title='bbox 869 2140 1167 2219; x_wconf 80' lang='lat' dir='ltr'><strong>quoquelaudantur,</strong></span> 
     </span>
     <span class='ocr_line' id='line_1_25' title="bbox 160 2224 1168 2303; baseline -0.002 -19"><span class='ocrx_word' id='word_1_187' title='bbox 160 2225 420 2284; x_wconf 89' lang='lat' dir='ltr'><strong>eminentissimum.</strong></span> <span class='ocrx_word' id='word_1_188' title='bbox 455 2224 548 2299; x_wconf 81' lang='lat' dir='ltr'><strong>Quem</strong></span> <span class='ocrx_word' id='word_1_189' title='bbox 563 2233 658 2284; x_wconf 89' lang='lat' dir='ltr'><strong>tamen</strong></span> <span class='ocrx_word' id='word_1_190' title='bbox 679 2234 708 2284; x_wconf 89' lang='lat' dir='ltr'><strong>et</strong></span> <span class='ocrx_word' id='word_1_191' title='bbox 723 2241 840 2286; x_wconf 87' lang='lat' dir='ltr'><strong>suorum</strong></span> <span class='ocrx_word' id='word_1_192' title='bbox 854 2225 986 2284; x_wconf 87' lang='lat' dir='ltr'><strong>homiues</strong></span> <span class='ocrx_word' id='word_1_193' title='bbox 1003 2233 1168 2303; x_wconf 88' lang='lat' dir='ltr'><strong>temporum</strong></span> 
     </span>
     <span class='ocr_line' id='line_1_26' title="bbox 159 2308 1166 2370; baseline 0 -4"><span class='ocrx_word' id='word_1_194' title='bbox 159 2310 309 2368; x_wconf 88' lang='lat' dir='ltr'><strong>incessere</strong></span> <span class='ocrx_word' id='word_1_195' title='bbox 332 2308 476 2369; x_wconf 89' lang='lat' dir='ltr'><strong>audebant</strong></span> <span class='ocrx_word' id='word_1_196' title='bbox 498 2317 527 2368; x_wconf 92' lang='lat' dir='ltr'><strong>ut</strong></span> <span class='ocrx_word' id='word_1_197' title='bbox 548 2309 728 2369; x_wconf 87' lang='lat' dir='ltr'><strong>tumidiorem</strong></span> <span class='ocrx_word' id='word_1_198' title='bbox 751 2317 779 2369; x_wconf 89' lang='lat' dir='ltr'><strong>et</strong></span> <span class='ocrx_word' id='word_1_199' title='bbox 795 2311 933 2370; x_wconf 82' lang='lat' dir='ltr'><strong>Asianum</strong></span> <span class='ocrx_word' id='word_1_200' title='bbox 955 2316 985 2367; x_wconf 91' lang='lat' dir='ltr'><strong>et</strong></span> <span class='ocrx_word' id='word_1_201' title='bbox 1004 2308 1166 2368; x_wconf 88' lang='lat' dir='ltr'><strong>redundan·</strong></span> 
     </span>
     <span class='ocr_line' id='line_1_27' title="bbox 159 2391 1166 2490; baseline 0 -40"><span class='ocrx_word' id='word_1_202' title='bbox 159 2400 217 2450; x_wconf 89' lang='lat' dir='ltr'><strong>tem</strong></span> <span class='ocrx_word' id='word_1_203' title='bbox 234 2394 290 2451; x_wconf 90' lang='lat' dir='ltr'><strong>et</strong></span> <span class='ocrx_word' id='word_1_204' title='bbox 282 2411 310 2451; x_wconf 90' lang='lat' dir='ltr'><strong>ur</strong></span> <span class='ocrx_word' id='word_1_205' title='bbox 326 2391 549 2490; x_wconf 82' lang='lat' dir='ltr'><strong>repetitionibus</strong></span> <span class='ocrx_word' id='word_1_206' title='bbox 571 2393 685 2452; x_wconf 90' lang='lat' dir='ltr'><strong>nimium</strong></span> <span class='ocrx_word' id='word_1_207' title='bbox 703 2395 755 2452; x_wconf 92' lang='lat' dir='ltr'><strong>et</strong></span> <span class='ocrx_word' id='word_1_208' title='bbox 746 2411 775 2452; x_wconf 87' lang='lat' dir='ltr'><strong>ur</strong></span> <span class='ocrx_word' id='word_1_209' title='bbox 791 2393 899 2454; x_wconf 91' lang='lat' dir='ltr'><strong>salibus</strong></span> <span class='ocrx_word' id='word_1_210' title='bbox 914 2391 1070 2471; x_wconf 91' lang='lat' dir='ltr'><strong>aliquando</strong></span> <span class='ocrx_word' id='word_1_211' title='bbox 1087 2392 1166 2468; x_wconf 86' lang='lat' dir='ltr'><strong>irigi·</strong></span> 
     </span>
     <span class='ocr_line' id='line_1_28' title="bbox 160 2474 1220 2576; baseline -0.002 -41"><span class='ocrx_word' id='word_1_212' title='bbox 160 2474 225 2535; x_wconf 93' lang='lat' dir='ltr'><strong>dum</strong></span> <span class='ocrx_word' id='word_1_213' title='bbox 241 2477 294 2534; x_wconf 91' lang='lat' dir='ltr'><strong>et&#39;</strong></span> <span class='ocrx_word' id='word_1_214' title='bbox 286 2493 314 2534; x_wconf 91' lang='lat' dir='ltr'><strong>m</strong></span> <span class='ocrx_word' id='word_1_215' title='bbox 330 2476 543 2576; x_wconf 83' lang='lat' dir='ltr'><strong>comppsitione</strong></span> <span class='ocrx_word' id='word_1_216' title='bbox 560 2475 700 2552; x_wconf 84' lang='lat' dir='ltr'><strong>inactum,</strong></span> <span class='ocrx_word' id='word_1_217' title='bbox 717 2475 895 2536; x_wconf 85' lang='lat' dir='ltr'><strong>exultantem</strong></span> <span class='ocrx_word' id='word_1_218' title='bbox 910 2493 946 2536; x_wconf 92' lang='lat' dir='ltr'><strong>ac</strong></span> <span class='ocrx_word' id='word_1_219' title='bbox 961 2493 1070 2554; x_wconf 88' lang='lat' dir='ltr'><strong>paene,</strong></span> <span class='ocrx_word' id='word_1_220' title='bbox 1090 2474 1220 2558; x_wconf 94' lang='lat' dir='ltr'><strong>quod</strong></span> 
     </span>
    </p>
   </div>
   <div class='ocr_carea' id='block_1_5' title="bbox 117 2556 1220 2723">
    <p class='ocr_par' dir='ltr' id='par_1_5' title="bbox 117 2556 1220 2723">
     <span class='ocr_line' id='line_1_29' title="bbox 117 2556 1220 2640; baseline -0.004 -20"><span class='ocrx_word' id='word_1_221' title='bbox 117 2559 262 2637; x_wconf 84' lang='lat' dir='ltr'><strong>13procul</strong></span> <span class='ocrx_word' id='word_1_222' title='bbox 284 2557 374 2636; x_wconf 85' lang='lat' dir='ltr'><strong>absit,</strong></span> <span class='ocrx_word' id='word_1_223' title='bbox 397 2561 460 2619; x_wconf 91' lang='lat' dir='ltr'><strong>viro</strong></span> <span class='ocrx_word' id='word_1_224' title='bbox 483 2559 661 2629; x_wconf 90' lang='lat' dir='ltr'><strong>molliorem;</strong></span> <span class='ocrx_word' id='word_1_225' title='bbox 685 2569 789 2639; x_wconf 86' lang='lat' dir='ltr'><strong>postea</strong></span> <span class='ocrx_word' id='word_1_226' title='bbox 806 2577 877 2620; x_wconf 90' lang='lat' dir='ltr'><strong>vero</strong></span> <span class='ocrx_word' id='word_1_227' title='bbox 896 2556 1220 2640; x_wconf 86' lang='lat' dir='ltr'><strong>quamtriumvirali&#39;</strong></span> <span class='ocrx_word' id='word_1_228' title='bbox 1218 2591 1220 2600; x_wconf 68' lang='lat'><strong>,</strong></span> 
     </span>
     <span class='ocr_line' id='line_1_30' title="bbox 160 2643 1220 2723; baseline -0.002 -21"><span class='ocrx_word' id='word_1_229' title='bbox 160 2643 374 2722; x_wconf 86' lang='lat' dir='ltr'><strong>proscriptione</strong></span> <span class='ocrx_word' id='word_1_230' title='bbox 398 2651 586 2723; x_wconf 87' lang='lat' dir='ltr'><strong>consumptus</strong></span> <span class='ocrx_word' id='word_1_231' title='bbox 609 2653 670 2719; x_wconf 84' lang='lat' dir='ltr'><strong>cst,</strong></span> <span class='ocrx_word' id='word_1_232' title='bbox 698 2646 806 2722; x_wconf 90' lang='lat' dir='ltr'><strong>passim</strong></span> <span class='ocrx_word' id='word_1_233' title='bbox 824 2662 873 2723; x_wconf 87' lang='lat' dir='ltr'><strong>qur</strong></span> <span class='ocrx_word' id='word_1_234' title='bbox 865 2643 1025 2719; x_wconf 91' lang='lat' dir='ltr'><strong>oderant,</strong></span> <span class='ocrx_word' id='word_1_235' title='bbox 1054 2645 1105 2722; x_wconf 92' lang='lat' dir='ltr'><strong>qui</strong></span> <span class='ocrx_word' id='word_1_236' title='bbox 1126 2644 1165 2700; x_wconf 92' lang='lat' dir='ltr'><strong>in·</strong></span> <span class='ocrx_word' id='word_1_237' title='bbox 1219 2645 1220 2690; x_wconf 68' lang='lat' dir='ltr'>f</span> 
     </span>
    </p>
   </div>
   <div class='ocr_carea' id='block_1_6' title="bbox 159 2725 1220 2807">
    <p class='ocr_par' dir='ltr' id='par_1_6' title="bbox 159 2725 1220 2807">
     <span class='ocr_line' id='line_1_31' title="bbox 159 2725 1220 2807; baseline 0.002 -24"><span class='ocrx_word' id='word_1_238' title='bbox 159 2725 312 2802; x_wconf 86' lang='lat' dir='ltr'><strong>videbant,</strong></span> <span class='ocrx_word' id='word_1_239' title='bbox 331 2729 379 2806; x_wconf 90' lang='lat' dir='ltr'><strong>qui</strong></span> <span class='ocrx_word' id='word_1_240' title='bbox 396 2726 628 2804; x_wconf 89' lang='lat' dir='ltr'><strong>aemulabantur,</strong></span> <span class='ocrx_word' id='word_1_241' title='bbox 646 2727 812 2788; x_wconf 89' lang='lat' dir='ltr'><strong>adulatores</strong></span> <span class='ocrx_word' id='word_1_242' title='bbox 829 2730 914 2788; x_wconf 89' lang='lat' dir='ltr'><strong>etiam</strong></span> <span class='ocrx_word' id='word_1_243' title='bbox 929 2730 1097 2807; x_wconf 88' lang='lat' dir='ltr'><strong>praesentis</strong></span> <span class='ocrx_word' id='word_1_244' title='bbox 1115 2743 1164 2805; x_wconf 94' lang='lat' dir='ltr'><strong>po·</strong></span> <span class='ocrx_word' id='word_1_245' title='bbox 1218 2757 1220 2780; x_wconf 65' lang='grc' dir='ltr'>ι</span> 
     </span>
    </p>
   </div>
   <div class='ocr_carea' id='block_1_7' title="bbox 116 2810 1164 3477">
    <p class='ocr_par' dir='ltr' id='par_1_7' title="bbox 116 2810 1164 3477">
     <span class='ocr_line' id='line_1_32' title="bbox 159 2810 1164 2890; baseline -0.002 -20"><span class='ocrx_word' id='word_1_246' title='bbox 159 2812 266 2870; x_wconf 90' lang='lat' dir='ltr'><strong>tentiae</strong></span> <span class='ocrx_word' id='word_1_247' title='bbox 282 2828 340 2870; x_wconf 93' lang='lat' dir='ltr'><strong>non</strong></span> <span class='ocrx_word' id='word_1_248' title='bbox 354 2829 562 2890; x_wconf 91' lang='lat' dir='ltr'><strong>responsurum</strong></span> <span class='ocrx_word' id='word_1_249' title='bbox 577 2815 752 2876; x_wconf 81' lang='lat' dir='ltr'><strong>invaserunt,</strong></span> <span class='ocrx_word' id='word_1_250' title='bbox 780 2810 834 2872; x_wconf 93' lang='lat' dir='ltr'><strong>llle</strong></span> <span class='ocrx_word' id='word_1_251' title='bbox 850 2822 962 2886; x_wconf 89' lang='lat' dir='ltr'><strong>tamen,</strong></span> <span class='ocrx_word' id='word_1_252' title='bbox 984 2811 1033 2889; x_wconf 91' lang='lat' dir='ltr'><strong>qui</strong></span> <span class='ocrx_word' id='word_1_253' title='bbox 1053 2813 1164 2870; x_wconf 90' lang='lat' dir='ltr'><strong>ieiunus</strong></span> 
     </span>
     <span class='ocr_line' id='line_1_33' title="bbox 160 2892 1163 2974; baseline -0.001 -21"><span class='ocrx_word' id='word_1_254' title='bbox 160 2912 175 2953; x_wconf 89' lang='lat' dir='ltr'><strong>a</strong></span> <span class='ocrx_word' id='word_1_255' title='bbox 192 2892 361 2971; x_wconf 89' lang='lat' dir='ltr'><strong>quibusdam</strong></span> <span class='ocrx_word' id='word_1_256' title='bbox 379 2905 466 2974; x_wconf 89' lang='lat' dir='ltr'><strong>atque</strong></span> <span class='ocrx_word' id='word_1_257' title='bbox 483 2895 580 2955; x_wconf 87' lang='lat' dir='ltr'><strong>aridus</strong></span> <span class='ocrx_word' id='word_1_258' title='bbox 597 2895 738 2971; x_wconf 89' lang='lat' dir='ltr'><strong>habetur,</strong></span> <span class='ocrx_word' id='word_1_259' title='bbox 755 2913 813 2955; x_wconf 93' lang='lat' dir='ltr'><strong>non</strong></span> <span class='ocrx_word' id='word_1_260' title='bbox 831 2895 915 2956; x_wconf 83' lang='lat' dir='ltr'><strong>aliter</strong></span> <span class='ocrx_word' id='word_1_261' title='bbox 933 2895 968 2955; x_wconf 91' lang='lat' dir='ltr'><strong>ab</strong></span> <span class='ocrx_word' id='word_1_262' title='bbox 985 2895 1058 2973; x_wconf 90' lang='lat' dir='ltr'><strong>ipsis</strong></span> <span class='ocrx_word' id='word_1_263' title='bbox 1075 2895 1163 2954; x_wconf 90' lang='lat' dir='ltr'><strong>inimi·</strong></span> 
     </span>
     <span class='ocr_line' id='line_1_34' title="bbox 161 2976 1163 3056; baseline -0.001 -20"><span class='ocrx_word' id='word_1_264' title='bbox 161 2979 202 3036; x_wconf 88' lang='lat' dir='ltr'><strong>cis</strong></span> <span class='ocrx_word' id='word_1_265' title='bbox 218 2976 294 3036; x_wconf 85' lang='lat' dir='ltr'><strong>mala</strong></span> <span class='ocrx_word' id='word_1_266' title='bbox 317 2978 417 3039; x_wconf 90' lang='lat' dir='ltr'><strong>audire</strong></span> <span class='ocrx_word' id='word_1_267' title='bbox 433 2996 517 3056; x_wconf 90' lang='lat' dir='ltr'><strong>quam</strong></span> <span class='ocrx_word' id='word_1_268' title='bbox 531 2980 623 3038; x_wconf 87' lang='lat' dir='ltr'><strong>nimiis</strong></span> <span class='ocrx_word' id='word_1_269' title='bbox 640 2978 758 3039; x_wconf 89' lang='lat' dir='ltr'><strong>lloribus</strong></span> <span class='ocrx_word' id='word_1_270' title='bbox 775 2989 805 3039; x_wconf 88' lang='lat' dir='ltr'><strong>et</strong></span> <span class='ocrx_word' id='word_1_271' title='bbox 823 2979 931 3056; x_wconf 87' lang='lat' dir='ltr'><strong>ingenii</strong></span> <span class='ocrx_word' id='word_1_272' title='bbox 945 2977 1095 3039; x_wconf 81' lang='lat' dir='ltr'><strong>affluentia</strong></span> <span class='ocrx_word' id='word_1_273' title='bbox 1115 2993 1163 3056; x_wconf 95' lang='lat' dir='ltr'><strong>po·</strong></span> 
     </span>
     <span class='ocr_line' id='line_1_35' title="bbox 160 3059 1164 3142; baseline -0.002 -22"><span class='ocrx_word' id='word_1_274' title='bbox 160 3062 221 3120; x_wconf 89' lang='lat' dir='ltr'><strong>tuit.</strong></span> <span class='ocrx_word' id='word_1_275' title='bbox 259 3059 374 3121; x_wconf 85' lang='lat' dir='ltr'><strong>Falsum</strong></span> <span class='ocrx_word' id='word_1_276' title='bbox 397 3071 569 3142; x_wconf 87' lang='lat' dir='ltr'><strong>utrumque,</strong></span> <span class='ocrx_word' id='word_1_277' title='bbox 601 3063 654 3124; x_wconf 88' lang='lat' dir='ltr'><strong>sed</strong></span> <span class='ocrx_word' id='word_1_278' title='bbox 676 3072 771 3124; x_wconf 89' lang='lat' dir='ltr'><strong>tamen</strong></span> <span class='ocrx_word' id='word_1_279' title='bbox 792 3063 842 3124; x_wconf 92' lang='lat' dir='ltr'><strong>illa</strong></span> <span class='ocrx_word' id='word_1_280' title='bbox 863 3061 1020 3122; x_wconf 88' lang='lat' dir='ltr'><strong>mentiendi</strong></span> <span class='ocrx_word' id='word_1_281' title='bbox 1043 3063 1164 3141; x_wconf 89' lang='lat' dir='ltr'><strong>propior</strong></span> 
     </span>
     <span class='ocr_line' id='line_1_36' title="bbox 116 3144 1161 3226; baseline -0.004 -18"><span class='ocrx_word' id='word_1_282' title='bbox 116 3146 289 3208; x_wconf 76' lang='lat' dir='ltr'><strong>lloocasio.</strong></span> <span class='ocrx_word' id='word_1_283' title='bbox 322 3145 484 3225; x_wconf 85' lang='lat' dir='ltr'><strong>Praecipue</strong></span> <span class='ocrx_word' id='word_1_284' title='bbox 504 3163 576 3206; x_wconf 87' lang='lat' dir='ltr'><strong>vero</strong></span> <span class='ocrx_word' id='word_1_285' title='bbox 592 3155 764 3226; x_wconf 84' lang='lat' dir='ltr'><strong>presserunt</strong></span> <span class='ocrx_word' id='word_1_286' title='bbox 780 3165 860 3223; x_wconf 87' lang='lat' dir='ltr'><strong>eum,</strong></span> <span class='ocrx_word' id='word_1_287' title='bbox 878 3147 926 3224; x_wconf 92' lang='lat' dir='ltr'><strong>qui</strong></span> <span class='ocrx_word' id='word_1_288' title='bbox 941 3145 1033 3210; x_wconf 83' lang='lat' dir='ltr'><strong>uideri</strong></span> <span class='ocrx_word' id='word_1_289' title='bbox 1051 3144 1161 3205; x_wconf 84' lang='lat' dir='ltr'><strong>Attico·</strong></span> 
     </span>
     <span class='ocr_line' id='line_1_37' title="bbox 160 3228 1160 3309; baseline -0.003 -21"><span class='ocrx_word' id='word_1_290' title='bbox 160 3247 221 3288; x_wconf 88' lang='lat' dir='ltr'><strong>rum</strong></span> <span class='ocrx_word' id='word_1_291' title='bbox 242 3229 402 3290; x_wconf 89' lang='lat' dir='ltr'><strong>imitatores</strong></span> <span class='ocrx_word' id='word_1_292' title='bbox 418 3231 635 3309; x_wconf 90' lang='lat' dir='ltr'><strong>concupierant.</strong></span> <span class='ocrx_word' id='word_1_293' title='bbox 666 3230 748 3292; x_wconf 90' lang='lat' dir='ltr'><strong>llaec</strong></span> <span class='ocrx_word' id='word_1_294' title='bbox 766 3249 866 3291; x_wconf 87' lang='lat' dir='ltr'><strong>manus</strong></span> <span class='ocrx_word' id='word_1_295' title='bbox 889 3231 971 3307; x_wconf 87' lang='lat' dir='ltr'><strong>quasi</strong></span> <span class='ocrx_word' id='word_1_296' title='bbox 993 3228 1160 3308; x_wconf 88' lang='lat' dir='ltr'><strong>quibusdam</strong></span> 
     </span>
     <span class='ocr_line' id='line_1_38' title="bbox 160 3312 1159 3396; baseline 0 -24"><span class='ocrx_word' id='word_1_297' title='bbox 160 3313 252 3372; x_wconf 90' lang='lat' dir='ltr'><strong>sacris</strong></span> <span class='ocrx_word' id='word_1_298' title='bbox 267 3313 375 3374; x_wconf 89' lang='lat' dir='ltr'><strong>initiata</strong></span> <span class='ocrx_word' id='word_1_299' title='bbox 393 3322 424 3374; x_wconf 90' lang='lat' dir='ltr'><strong>ut</strong></span> <span class='ocrx_word' id='word_1_300' title='bbox 439 3313 631 3392; x_wconf 85' lang='lat' dir='ltr'><strong>alienigenam</strong></span> <span class='ocrx_word' id='word_1_301' title='bbox 648 3323 677 3374; x_wconf 93' lang='lat' dir='ltr'><strong>et</strong></span> <span class='ocrx_word' id='word_1_302' title='bbox 695 3331 795 3396; x_wconf 93' lang='lat' dir='ltr'><strong>parum</strong></span> <span class='ocrx_word' id='word_1_303' title='bbox 811 3313 971 3374; x_wconf 88' lang='lat' dir='ltr'><strong>studiosum</strong></span> <span class='ocrx_word' id='word_1_304' title='bbox 985 3312 1159 3373; x_wconf 85' lang='lat' dir='ltr'><strong>deuinctum</strong></span> 
     </span>
     <span class='ocr_line' id='line_1_39' title="bbox 161 3395 1161 3477; baseline 0 -23"><span class='ocrx_word' id='word_1_305' title='bbox 161 3413 218 3472; x_wconf 92' lang='lat' dir='ltr'><strong>que</strong></span> <span class='ocrx_word' id='word_1_306' title='bbox 241 3395 299 3455; x_wconf 89' lang='lat' dir='ltr'><strong>illis</strong></span> <span class='ocrx_word' id='word_1_307' title='bbox 326 3395 440 3474; x_wconf 86' lang='lat' dir='ltr'><strong>legibus</strong></span> <span class='ocrx_word' id='word_1_308' title='bbox 463 3396 687 3476; x_wconf 86' lang='lat' dir='ltr'><strong>insequebatur,</strong></span> <span class='ocrx_word' id='word_1_309' title='bbox 714 3398 790 3461; x_wconf 84' lang='lat' dir='ltr'><strong>uode</strong></span> <span class='ocrx_word' id='word_1_310' title='bbox 813 3416 889 3460; x_wconf 91' lang='lat' dir='ltr'><strong>nunc</strong></span> <span class='ocrx_word' id='word_1_311' title='bbox 903 3413 1019 3477; x_wconf 91' lang='lat' dir='ltr'><strong>quoquc</strong></span> <span class='ocrx_word' id='word_1_312' title='bbox 1041 3395 1113 3457; x_wconf 86' lang='lat' dir='ltr'><strong>aridi</strong></span> <span class='ocrx_word' id='word_1_313' title='bbox 1134 3402 1161 3454; x_wconf 90' lang='lat' dir='ltr'><strong>et</strong></span> 
     </span>
    </p>
   </div>
   <div class='ocr_carea' id='block_1_8' title="bbox 1217 2715 1220 2752">
    <p class='ocr_par' dir='ltr' id='par_1_8' title="bbox 1217 2715 1220 2752">
     <span class='ocr_line' id='line_1_40' title="bbox 1217 2715 1220 2752; baseline 0 0"><span class='ocrx_word' id='word_1_314' title='bbox 1217 2715 1220 2752; x_wconf 85' lang='lat' dir='ltr'><strong>l</strong></span> 
     </span>
    </p>
   </div>
   <div class='ocr_carea' id='block_1_9' title="bbox 0 0 1247 3962">
    <p class='ocr_par' dir='ltr' id='par_1_9' title="bbox 0 0 1247 3962">
     <span class='ocr_line' id='line_1_41' title="bbox 0 0 1247 3962; baseline 0 0"><span class='ocrx_word' id='word_1_315' title='bbox 0 0 1247 3962; x_wconf 95' lang='lat' dir='ltr'><strong> </strong></span> 
     </span>
    </p>
   </div>
  </div>
 </body>
</html>
