2436 3956
334 217 586 268 1111011101.
601 215 798 285 crannus.
1007 209 1047 270 53

43 373 159 434 bandus
183 381 227 431 est
248 373 360 431 decor?
393 371 463 444 Quis
480 359 589 449 negati
625 370 697 432 Nam
718 374 789 431 etin
806 373 934 433 ordinem
953 384 1045 436 certa-

43 475 103 535 que
127 454 282 514 intervalla
305 455 433 531 redigam
452 473 531 514 meas
552 454 682 514 arbores.
720 455 794 529 Quid
812 457 864 516 illo
887 459 1047 537 quincunce

38 541 227 618 speciosius,
247 539 310 616 qui,
333 539 364 598 in
383 555 581 617 quamcunque
599 547 710 616 partem
728 543 925 617 spectaveris,
948 551 1047 601 rectus
1136 560 1140 566 ’
1206 537 1212 542 ’

38 620 113 683 est?
149 621 208 681 Sed
231 623 362 699 protinus
381 623 409 679 in
428 620 456 680 id
475 639 591 698 quoque
611 621 748 698 prodest,
778 632 809 680 ut
828 631 924 683 terrae
947 643 1047 684 sucum

37 705 210 783 aequaliter
232 703 334 763 trahat.
374 705 527 782 Surgentia
548 707 575 763 in
597 704 683 764 altum
702 706 848 764 cacumina
865 706 949 766 oleae
967 707 1046 766 lerro
1055 709 1086 761 111

38 787 211 854 coercebo;
234 788 262 845 in
278 786 378 847 orbem
394 805 427 846 se
442 788 596 847 formosius
612 787 712 846 iundet
733 798 762 847 et
777 790 907 866 protinus
924 790 1047 849 fructum

37 873 133 932 ramis
159 870 288 949 pluribus
311 870 395 930 leret.
431 871 590 930 Decentior
614 889 721 948 equus,
746 873 826 930 cuius
848 875 965 932 astricta
986 873 1045 948 ilia,

37 955 99 1014 sed
116 954 192 1013 idem
206 953 349 1014 velocior.
388 953 513 1014 Pulcher
529 963 649 1032 aspectu
662 955 698 1013 sit
714 955 838 1028 athleta,
856 957 936 1014 cuius
953 956 1046 1016 lacer·

37 1049 92 1098 tos
109 1037 279 1096 exercitatio
297 1038 456 1114 expressim
474 1037 550 1096 idem
566 1038 713 1096 certamini
729 1040 864 1114 paratior.
897 1037 1086 1116 Nunquamll

36 1138 126 1180 mera
142 1121 258 1199 species
279 1119 314 1178 ab
335 1119 459 1179 utilitate
474 1119 616 1182 dividitur.
654 1120 713 1179 Sed
734 1121 791 1178 boc
808 1121 921 1199 quidem
937 1120 1046 1182 discer-
1070 1177 1074 1182 .

36 1221 117 1263 nere
132 1202 236 1261 modici
252 1203 347 1262 iudicii
364 1211 419 1261 est.
722 1275 724 1279 ι
852 1239 856 1248 -

132 1284 205 1345 lllud
221 1284 425 1345 observatione
446 1286 575 1363 dignius,
602 1287 679 1362 quod
695 1287 741 1346 hio
758 1289 822 1364 ipsc
845 1287 983 1346 honestus
1000 1305 1046 1346 or·
1098 1328 1102 1336 ·

36 1378 130 1429 natus
146 1371 283 1427 materiae
298 1387 410 1446 genere
427 1369 513 1429 decet
527 1371 663 1429 variatus.
698 1369 809 1447 Atque,
827 1379 857 1428 ut
872 1372 990 1448 aprima
1006 1371 1046 1430 di·

37 1454 160 1512 visione
178 1452 288 1526 ordiar,
316 1470 373 1511 non
397 1452 473 1512 idem
495 1453 725 1515 demonstrativis
749 1462 778 1512 et
798 1452 994 1513 deliberativis
1017 1463 1047 1514 et

38 1534 226 1596 iudicialibus
245 1536 339 1594 causis
360 1537 522 1595 conveniet.
566 1535 697 1614 Namque
720 1535 791 1596 illud
807 1554 900 1612 genus
918 1545 1045 1596 ostenta·

39 1619 117 1678 tioni
134 1619 323 1695 compositum
337 1618 429 1678 solam
445 1620 517 1696 petit
529 1619 700 1679 audientium
711 1619 903 1696 voluptatem,
920 1620 1046 1699 ideoque

43 1717 148 1761 omnes
162 1701 277 1760 dicendi
292 1709 370 1760 artes
387 1704 479 1779 aperit
495 1709 682 1778 ornatumque
699 1703 836 1761 orationis
855 1704 990 1780 exponit,
1015 1712 1046 1762 ut

42 1783 126 1862 quod
143 1799 199 1842 non
214 1782 363 1844 insidietur
373 1801 428 1845 nac
444 1785 479 1844 ad
493 1785 643 1843 victoriam
659 1783 711 1843 sed
727 1782 762 1842 ad
778 1783 870 1843 solum
885 1785 970 1844 linem
985 1785 1045 1844 lau-

40 1869 90 1928 dis
107 1875 138 1924 et
151 1865 265 1942 gloriae
280 1867 386 1926 tendat.
426 1867 538 1941 Quare,
558 1866 694 1945 quidquid
710 1868 765 1925 erit
786 1869 935 1925 sententiis
953 1872 1087 1944 popu-12

39 1953 125 2026 lare,
138 1948 235 2008 verbis
248 1950 379 2026 nitidum,
394 1951 493 2027 liguris
506 1950 675 2024 iucundum,
691 1949 925 2010 translationibus
937 1951 1044 2026 magni·

40 2035 147 2107 licum,
171 2035 380 2112 compositione
401 2032 595 2109 elaboratum,
619 2031 700 2092 velut
716 2035 831 2092 institor
848 2032 963 2110 quidam
984 2032 1045 2092 olo-

40 2117 182 2195 quentiae
193 2116 355 2175 intuendum
367 2125 396 2175 et
407 2135 500 2195 paene
512 2114 743 2195 pertractandum
754 2115 840 2176 dabit.
871 2116 943 2175 Nam
957 2133 1045 2175 everr-

39 2211 92 2261 tus
112 2199 150 2259 ad
171 2201 263 2277 ipsum
284 2216 342 2259 non
358 2200 392 2259 ad
415 2218 530 2260 causam
545 2200 679 2259 refertur.
722 2198 761 2257 Α1
776 2198 824 2257 ubi
839 2217 888 2258 res
904 2199 997 2274 agitur
1017 2203 1087 2258 et13

39 2299 118 2342 vera
134 2282 277 2342 dimicatio
299 2292 360 2342 est:
387 2283 501 2342 ultimus
524 2284 561 2342 sit
581 2282 673 2342 lamae
694 2281 787 2343 locus.
831 2281 987 2341 Praeterea
1008 2299 1052 2340 ner

41 2367 134 2426 decet
156 2365 285 2444 quidem,
313 2365 362 2425 ubi
384 2368 505 2428 maxima
524 2384 620 2425 rerum
640 2374 783 2425 momenta
808 2373 977 2440 versantur,
1008 2364 1046 2424 dc

40 2448 145 2508 verbis
168 2457 235 2508 esse
256 2448 421 2509 sollicitum.
465 2448 568 2528 Neque
593 2449 650 2508 boo
676 2465 712 2508 eo
732 2448 872 2527 pertinet,
899 2449 978 2507 utin
1000 2447 1045 2506 bis

42 2531 143 2591 nullus
158 2533 195 2590 sit
216 2541 332 2592 ornatus
350 2532 402 2592 sed
419 2535 459 2593 uti
476 2534 607 2610 pressior
622 2541 651 2591 et
672 2535 804 2592 severior
820 2541 849 2590 et
867 2533 958 2590 minus
976 2546 1044 2590 con·

41 2616 161 2689 lessus,
180 2618 337 2694 praecipue
351 2617 488 2676 materiae
504 2614 745 2675 accommodatus.
773 2613 844 2674 Nam
856 2623 885 2672 et
897 2612 1044 2672 suadendo
1053 2617 1088 2672 14

43 2697 196 2758 sublimius
212 2697 318 2777 aliquid
334 2709 468 2775 senatus,
493 2700 661 2759 concitatius
678 2698 821 2776 populus,
845 2705 874 2755 et
888 2697 917 2755 in
931 2695 1043 2754 iudiciis

42 2780 183 2861 publicae
205 2780 403 2861 capitalesque
420 2797 525 2842 causae
539 2790 664 2860 poscunt
678 2781 840 2840 accuratius
858 2778 972 2838 dicendi
991 2796 1042 2855 ge·
1119 2839 1123 2845 ,

42 2883 109 2926 nus.
151 2863 190 2923 At
217 2867 357 2943 privatum
378 2866 528 2926 consilium
549 2882 710 2942 causasque
732 2880 904 2942 paucorum,
930 2870 961 2923 11
985 2861 1043 2921 ire·

44 2955 171 3026 quanter
192 2950 309 3024 accidit,
333 2949 510 3008 calculorum
526 2966 614 3027 purus
636 2965 730 3006 sermo
748 2956 777 3006 et
795 2945 940 3007 dissimilis
956 2962 1043 3004 curae

43 3032 140 3108 magis
166 3030 305 3092 decuerit.
346 3031 392 3090 Au
418 3049 476 3091 nou
492 3032 598 3110 pudeat
624 3039 732 3090 certam
754 3030 891 3090 creditam
915 3027 1042 3108 periodis

43 3113 199 3192 postulare
221 3124 267 3174 aut
286 3116 363 3174 circa
384 3115 529 3175 stillicidia
546 3115 623 3175 allici
647 3115 742 3174 autin
763 3113 897 3190 mancipii
919 3108 1043 3189 redhibi-

43 3199 127 3257 tione
145 3195 270 3258 sudaret
924 3231 926 3234 -

133 3278 192 3339 Sed
207 3281 243 3340 ad
260 3281 448 3360 propositum.
489 3280 527 3341 Et
542 3280 674 3358 quoniam
694 3280 832 3338 orationis
850 3286 905 3338 tam
927 3281 1085 3334 ornatuslt

46 3380 134 3440 quam
152 3365 344 3441 perspicuitas
366 3365 462 3423 autin
482 3362 601 3440 singulis
618 3361 716 3421 verbis
738 3370 783 3420 est
798 3368 845 3420 aut
866 3362 894 3418 in
914 3356 1043 3436 pluribus

46 3447 176 3524 positus:
202 3447 269 3523 quid
288 3457 438 3525 separata,
461 3445 529 3524 quid
543 3447 639 3506 iuncta
656 3445 790 3522 exigant,
817 3441 1042 3504 consideremus.
