2470 3962
166 181 229 244 236
497 185 861 272 murmurmurmur

168 365 242 428 quae
258 347 409 408 transferri
425 364 483 407 non
497 354 647 425 poterant,
667 363 767 406 manus
783 347 892 406 iactare
909 354 938 406 et
954 347 1060 407 dulces
1077 347 1183 408 excla-

167 433 307 492 mationes
321 431 426 492 theatri
443 447 531 491 cause
544 431 709 508 producere
725 437 755 488 et
769 429 959 506 ingrediendo
971 439 1093 490 rentum
1107 449 1181 492 con

168 517 268 594 cipere
293 524 377 575 veste
405 523 434 574 et
459 529 659 591 nonuunquam
685 512 789 572 dextro
817 513 912 574 latere
934 513 1037 574 lacere
1052 515 1180 594 ¹gestus,
1217 573 1218 580 ,

168 599 245 676 quod
261 601 402 658 nemiuem
420 598 505 661 aliurn
520 599 574 657 uisi
589 596 767 657 Demetrium
783 596 896 666 decuit;
914 615 1040 676 namque
1055 601 1087 658 iu
1101 599 1181 658 baec
1216 589 1218 658 i

109 685 260 749 tboomnia
281 692 391 743 statura
412 691 442 741 et
462 683 532 742 mira
557 682 659 764 specie
680 679 883 749 adiuvamur:
911 680 991 742 illurn
1015 699 1125 743 cursus
1152 691 1180 741 et

168 767 282 844 agilitas
304 775 334 826 et
354 765 402 826 vel
420 782 520 845 parum
538 765 714 824 conveniens
731 781 877 842 personae
894 766 986 840 risus,
1012 772 1105 843 quem
1120 783 1179 824 nou

166 851 285 928 ignarus
301 851 421 910 rationis
437 848 547 929 populo
565 848 667 923 dabat,
692 857 722 906 et
743 853 892 908 contracta
909 849 994 908 etiam
1010 849 1177 908 cervicula.

168 934 313 1012 Quidquid
326 932 427 994 borum
440 933 515 992 alter
529 931 661 1007 fecisset,
677 930 875 991 foedissimum
885 931 1044 992 videretur.
1075 931 1178 1006 Quare

167 1019 243 1076 norit
259 1034 292 1076 se
307 1018 447 1095 quisque,
470 1034 524 1077 nec
540 1024 647 1076 tantum
662 1033 700 1075 ex
718 1014 914 1075 communibus
929 1017 1105 1094 praeceptis
1123 1019 1177 1076 sed

168 1102 252 1160 etiam
279 1119 317 1160 ex
343 1110 442 1161 natura
468 1118 520 1160 sua
546 1100 642 1178 capiat
668 1099 819 1159 consilium
844 1098 1012 1159 formandae
1034 1101 1175 1159 actionis.

51 1183 55 1186 ’
108 1194 157 1250 181
166 1182 269 1262 Neque
290 1183 361 1244 illud
381 1193 477 1244 tamen
493 1192 539 1243 est
555 1182 653 1258 nefas,
678 1191 709 1242 ut
723 1181 850 1260 aliquem
866 1181 916 1242 vel
932 1185 1027 1244 omnia
1041 1183 1094 1244 vel
1111 1184 1176 1262 plu·

165 1269 235 1329 rima
251 1268 384 1328 deceant.
412 1267 501 1328 lluius
517 1284 634 1346 quoque
650 1266 708 1326 loci
722 1265 853 1328 clausula
866 1268 903 1327 sit
914 1266 1026 1342 eadem,
1043 1285 1175 1326 neeesse

166 1361 222 1427 est,
239 1369 314 1430 quae
330 1360 495 1412 ceterorum
510 1359 566 1426 est,
581 1368 706 1428 regnare
722 1352 845 1410 maxime
859 1350 984 1411 modum.
1011 1349 1080 1410 Non
1097 1353 1174 1411 enim

167 1435 338 1496 comoedum
358 1453 427 1496 esse
445 1434 498 1494 sed
520 1444 664 1495 oratorem
684 1434 763 1494 volo.
803 1433 900 1508 Quare
921 1452 1017 1512 oeque
1039 1437 1173 1512 ingestu

165 1535 377 1597 persequemur
392 1535 493 1579 omnes
508 1520 635 1595 argutias
650 1535 706 1578 nec
719 1520 748 1577 iu
761 1517 908 1596 loquendo
925 1518 1172 1594 distinctionibus,

107 1619 158 1676 132
165 1602 355 1680 temporibus,
372 1601 575 1675 ¹affectionibus
590 1601 715 1664 moleste
730 1610 852 1662 utemur.
885 1600 923 1662 Ut
938 1602 963 1660 si
980 1604 1018 1662 ait
1035 1603 1063 1662 iu
1079 1621 1171 1663 scena

106 1699 115 1706 ’
165 1685 332 1747 dicendum:

230 1766 421 1850 ometpour
432 1771 572 1851 seciam?
595 1789 657 1832 oon
670 1787 754 1842 eom,
771 1787 809 1830 ne
823 1788 907 1830 nunc
922 1771 1057 1849 paridem,

156 1855 159 1865 '
229 1852 304 1915 Oom
320 1873 464 1916 arcessor
485 1855 585 1916 otro?
611 1871 653 1914 om
672 1854 775 1931 potios
795 1855 840 1914 ito
855 1871 903 1914 me
918 1871 1106 1932 comparem,

227 1936 296 1999 Non
308 1940 428 2018 perpeti
443 1940 636 2001 meretricum
652 1935 870 1998 eontdmeh‘as?

248 2020 302 2081 llic
315 2023 389 2082 enim
404 2021 588 2083 dubitationis
603 2037 710 2098 moras,
726 2022 809 2080 vonis
823 2019 928 2097 denus,
943 2023 1039 2082 varias
1054 2040 1165 2098 manns,

165 2103 298 2165 diversus
322 2115 406 2165 nutus
426 2115 510 2166 actor
529 2103 686 2166 adhibebit.
719 2103 808 2164 Aliud
825 2106 918 2164 oratio
941 2108 1016 2185 sapit
1031 2123 1089 2166 nec
1104 2106 1164 2167 vult

165 2188 278 2247 nimium
296 2207 364 2249 esse
383 2189 507 2251 condita.
537 2189 662 2249 Actione
678 2190 753 2248 euim
776 2197 889 2248 constat
914 2205 971 2249 uon
984 2191 1162 2251 imitatione.

107 2279 158 2337 18³
166 2269 262 2343 Quare
284 2291 341 2333 uon
361 2275 503 2334 immerito
521 2271 742 2351 reprehenditur
762 2275 954 2350 pronuntiatio
979 2283 1009 2334 et
1028 2273 1163 2334 vultuosa

165 2363 194 2414 et
208 2356 478 2432 gesticulationibus
501 2357 625 2418 molesta
643 2363 671 2416 et
690 2357 773 2416 vocis
789 2357 991 2417 mutationibus
1007 2357 1161 2418 resultans.

163 2437 226 2498 Nec
244 2439 381 2500 inutiliter
400 2459 437 2500 er
455 2439 574 2501 Graecis
596 2449 715 2500 veteres
737 2440 958 2516 transtulerunt,
982 2441 1061 2519 quod
1076 2441 1112 2501 ab
1129 2444 1161 2500 iis

164 2531 306 2600 sumptum
321 2522 432 2584 Laenas
448 2523 576 2604 Popilius
592 2525 705 2602 posuit,
729 2541 796 2584 esse
814 2523 888 2585 hauc
902 2527 1055 2585 inotiosam
1072 2528 1160 2585 actio·

105 2607 238 2666 184nem.
269 2605 382 2686 Optime
404 2609 490 2686 igitur
512 2608 604 2682 idem,
630 2607 677 2684 qui
700 2608 808 2683 omnia,
833 2605 939 2671 Cicero
957 2618 1159 2688 praeceperat,

164 2707 238 2766 quae
255 2709 342 2770 supra
361 2710 398 2752 ex
414 2702 531 2752 oratore
549 2692 650 2770 posui;
678 2691 780 2769 quibus
798 2692 900 2752 similia
918 2694 946 2752 in
965 2691 1054 2752 Bruto
1070 2692 1106 2752 de
1121 2691 1159 2752 ll.
1216 2705 1218 2716 ‘

162 2772 288 2834 Antonio
308 2775 385 2836 dicit.
419 2777 478 2837 Sed
500 2777 555 2836 iam
578 2783 698 2853 recepta
714 2783 759 2834 est
780 2776 855 2835 actio
877 2776 964 2854 paulo
980 2778 1116 2853 agitatior
1132 2783 1159 2834 et

163 2858 288 2933 exigitur
310 2867 339 2918 et
361 2859 530 2937 quibusdam
551 2858 679 2937 partibus
702 2860 853 2935 convenit,
879 2863 918 2920 ita
939 2869 1034 2920 tamen
1051 2869 1157 2938 tempe·

160 2941 265 3017 reuda,
283 2959 335 3016 ne,
352 2942 417 3003 dum
436 2945 542 3003 actoris
564 2951 711 3021 captamus
729 2943 918 3020 elegantiam,
935 2943 1090 3022 perdamus
1105 2942 1156 3002 riri

159 3020 230 3084 boni
244 3033 273 3084 et
287 3026 384 3102 gravis
400 3028 610 3088 auctoritatem.
