2444 3972
156 185 197 250 84
475 202 512 249 m.
528 201 606 247 nnn.
624 199 844 258 oniunrnraur

155 354 274 434 labore,
292 354 409 416 assiduo
426 355 537 430 studio,
559 357 639 416 varia
654 351 875 431 exercitatione,
899 354 1028 432 plurimis
1046 354 1162 432 experi-
1190 387 1192 391 ·

154 441 275 515 mentis,
298 439 437 500 altissima
456 439 623 518 prudentia,
645 439 883 517 praesentissimo
904 437 1027 499 oonsilio
1049 445 1163 498 constat

114 534 202 589 lfiars
221 522 346 584 dicendi.
392 522 452 585 Sed
479 525 628 584 adiuvatur
654 524 698 583 his
726 540 860 602 qnoque,
887 523 912 582 si
933 532 1029 583 tamen
1054 531 1164 582 rectam

155 611 240 684 viam,
256 625 315 668 non
330 624 413 667 unam
430 608 551 668 orbitam
566 616 741 674 monstrent:
766 625 822 687 qua
837 607 987 668 declinare
1004 609 1053 685 qui
1070 606 1164 667 credi
1185 620 1188 631 ·

156 693 231 753 derit
247 693 347 768 nefas,
369 693 493 770 patiatur
518 710 644 752 necesse
667 701 712 752 est
734 691 814 753 illam
829 709 882 770 per
897 691 981 752 funes
998 690 1164 771 ingredien-

155 779 224 836 tium
239 778 413 837 tarditatem.
458 777 560 855 ltaque
576 785 605 836 et
621 784 741 838 stratum
755 774 870 836 militari
882 775 985 836 labore
1000 777 1058 836 iter
1072 792 1166 854 saepo
1189 817 1190 820 κ

155 860 316 922 deserimus
333 861 506 939 compendio
523 861 616 930 ducti;
642 870 689 936 et,
710 862 736 919 si
750 869 861 921 rectum
876 861 996 922 limitem
1011 862 1089 938 rupti
1106 868 1165 919 tor·

154 945 285 1006 rentibus
308 954 414 1023 pontes
436 944 606 1020 inciderint,
623 946 776 1005 circumire
802 962 957 1024 cogemur,
974 953 1021 1021 et,
1037 947 1063 1004 si
1080 946 1166 1004 ianua
1192 1011 1193 1016 η

113 1029 300 1096 17tenebitur
314 1029 460 1105 incendio,
478 1047 532 1107 per
547 1031 688 1106 parietem
703 1028 854 1090 exibimus.
885 1028 956 1089 Late
978 1029 1074 1089 lusum
1090 1045 1164 1108 opus

156 1123 201 1174 est
217 1123 247 1172 et
261 1112 414 1192 multiplex
431 1122 460 1173 et
475 1128 569 1192 prope
585 1113 693 1173 cotidie
708 1129 824 1188 novum,
845 1121 874 1173 et
890 1113 926 1173 de
947 1130 1005 1192 quo
1020 1130 1166 1191 nunquam

156 1197 233 1258 dicta
250 1206 332 1260 erunt
348 1199 452 1258 omnia.
484 1196 566 1270 Quae
582 1199 638 1257 sint
651 1207 747 1258 tamen
758 1197 874 1272 tradita,
894 1199 961 1276 qnid
977 1215 1015 1257 ex
1027 1197 1073 1258 his
1090 1199 1164 1275 opti·
1185 1213 1186 1217 ¹

155 1300 245 1358 mum,
264 1290 293 1341 et
310 1284 334 1340 si
350 1298 406 1359 qua
421 1283 540 1359 mutari,
565 1281 668 1359 adiici,
685 1281 812 1358 detrahi,
829 1281 932 1343 mellus
950 1281 1107 1359 videbitur,
1124 1281 1164 1340 di·
1189 1351 1191 1364 ⁴

156 1383 226 1425 cere
242 1368 388 1444 experiar.
1185 1378 1189 1393 ·

437 1506 581 1558 'DlVlSIO
601 1507 717 1560 TOTIUS
736 1507 858 1560 OPERIS.

238 1607 315 1669 xlv.
346 1606 580 1669 Rhetoricen
595 1609 624 1666 in
641 1606 770 1667 Latinum
784 1606 995 1667 transferentes
1014 1614 1073 1665 tum
1090 1625 1164 1667 oro-

154 1695 265 1755 torr’om
288 1701 347 1752 tum
368 1694 535 1754 oratricem
563 1691 790 1751 nominaverunt.
837 1689 918 1764 Quos
945 1689 1082 1768 equidem
1107 1708 1189 1750 nou⁴

154 1777 348 1838 fraudaverim
364 1775 462 1836 debita
479 1775 577 1851 laude,
594 1775 672 1856 quod
688 1776 802 1854 copiam
817 1773 938 1834 Romani
954 1774 1098 1834 sermonis
1116 1793 1164 1836 au·

114 1909 116 1912 .
154 1880 227 1940 gere
251 1861 425 1938 temptarint.
470 1860 530 1921 Sed
552 1876 609 1919 non
632 1861 726 1919 omnia
748 1875 802 1928 nos
827 1858 967 1918 ducentes
989 1876 1027 1916 ex
1048 1857 1165 1918 Graeco

155 1954 315 2026 sequuntur
331 1946 457 2004 sicutne
475 1944 543 2004 illos
560 1944 693 2022 quidem,
721 1944 856 2022 quotiens
873 1944 932 2002 suis
948 1944 1048 2020 utique
1064 1943 1165 2004 uerbis
1191 1975 1192 1978 κ

124 2031 272 2107 asignato
295 2037 394 2087 nostra
415 2027 578 2086 voluerunt.
623 2026 662 2086 Et
682 2027 756 2088 haec
776 2027 977 2105 interpretatio
998 2042 1057 2085 non
1072 2029 1165 2088 minus
1185 2067 1186 2071 ,

154 2114 225 2175 dura
241 2121 287 2183 est
302 2128 387 2191 quam
402 2110 453 2170 illa
468 2111 559 2172 Plauti
579 2114 713 2174 essentia
737 2119 825 2190 atque
842 2113 942 2184 ectio,
963 2109 1015 2170 sed
1038 2128 1076 2171 ne
1095 2129 1164 2191 pro·

153 2197 217 2277 pria
233 2196 362 2275 quiderm
379 2212 443 2255 nam
463 2198 602 2258 oratorio
622 2196 665 2256 sic
688 2195 809 2256 effertur
828 2202 859 2255 ut
878 2195 1067 2274 cavatorte,
1089 2215 1164 2258 ora-

153 2284 218 2344 tria
233 2289 264 2340 ut
287 2282 458 2350 elocutric5
479 2280 530 2340 illa
545 2287 658 2356 autem,
684 2279 720 2340 de
745 2297 801 2358 qua
823 2279 984 2359 loquimur,
1010 2281 1166 2343 rhetorice

153 2365 220 2426 talis
237 2373 283 2425 est
298 2363 392 2443 qualis
408 2365 596 2443 eloquentia,
618 2383 675 2425 nec
696 2364 783 2424 dubie
803 2364 879 2442 apud
895 2361 1026 2424 Graecos
1044 2382 1164 2446 quoque

125 2448 301 2527 3dnplicem
317 2447 497 2508 intellectum
511 2447 609 2509 hahet.
656 2447 787 2528 Namque
808 2466 864 2509 uno
887 2447 975 2508 modo
998 2448 1030 2508 lit
1045 2451 1164 2528 apposi-

39 2575 40 2578 ,
153 2542 212 2594 tum
239 2551 295 2594 ore
322 2533 480 2594 rhetorico
501 2540 531 2591 ut
553 2533 643 2594 nocie
667 2534 822 2610 piratico,
853 2532 948 2593 altero
974 2549 1082 2592 nomen
1109 2536 1164 2610 rei,

155 2616 248 2696 qualis
265 2624 310 2677 est
322 2615 534 2696 philosophia,
556 2617 703 2679 andario.
748 2616 809 2677 Nos
831 2617 923 2695 ipsam
938 2633 1013 2676 nunc
1029 2617 1166 2678 volumus
1191 2645 1193 2650 v

155 2700 321 2778 significare
337 2698 541 2775 substantiam,
565 2708 596 2760 ut
617 2703 803 2778 grammatice
821 2703 997 2764 litteratore
1021 2710 1084 2778 est,
1106 2719 1165 2762 non

15 2857 16 2860 Ἴ
154 2785 322 2848 litteratrix
336 2783 574 2863 quemadmodum
587 2786 725 2862 oretria,
746 2805 802 2847 nec
825 2787 1009 2850 dilaniata
1024 2788 1163 2866 quemm-
1192 2864 1193 2867 Ἴ

127 2870 270 2931 4modum
289 2871 449 2940 aramma,-
472 2887 574 2930 verum
594 2869 622 2928 in
644 2869 793 2931 rhetorice
819 2888 877 2930 non
897 2871 937 2930 lit.
982 2868 1028 2930 Ne
1050 2889 1163 2950 pugne·

18 2951 29 2984 ⁵
60 2977 61 2980 ¹
154 2971 216 3012 mus
233 2952 330 3030 igitur,
348 2970 412 3012 cum
427 2954 600 3032 praesertim
617 2953 746 3032 plurimis
763 2954 872 3033 alioqui
889 2954 1009 3018 Graecis
1024 2955 1062 3014 sit
1080 2964 1163 3016 nten·
1188 2984 1190 2987 ·

155 3037 231 3097 dum.
275 3035 349 3126 llam
371 3046 453 3098 certe
477 3047 507 3097 et
529 3038 725 3117 philosophos
743 3049 774 3099 et
794 3042 928 3102 manicon
943 3048 973 3099 ot
987 3048 1164 3119 yeometroe

157 3123 266 3199 dicam,
293 3119 421 3181 necuim
436 3122 555 3183 afferam
570 3121 730 3183 nominibus
755 3123 800 3184 his
825 3125 965 3186 indecora
988 3127 1017 3184 in
1031 3123 1124 3185 Latin*
1161 3116 1189 3184 i'

11 3251 18 3274 2
173 3217 320 3267 ermonem
335 3208 503 3272 mutatione.
550 3206 703 3286 Denique,
726 3225 789 3267 cum
804 3207 841 3268 Μ.
860 3207 971 3270 Tullius
988 3209 1074 3269 etiarn
1090 3211 1117 3288 ip
1161 3229 1163 3262 ι

154 3297 175 3356 11
247 3308 312 3370 nnn,
336 3306 410 3369 quos
425 3291 481 3352 lrac
503 3292 539 3353 de
555 3310 587 3352 re
602 3293 723 3371 primum
738 3293 915 3371 scripserat,
939 3291 1028 3354 titulis
1046 3293 1122 3354 Grae
1161 3323 1162 3332 ¹

14 3379 31 3394 '‘
157 3381 271 3439 nomine
287 3383 397 3440 utatur:
413 3374 549 3454 prolecto
565 3393 622 3436 non
638 3384 685 3436 est
699 3377 868 3454 verendum,
884 3396 922 3438 ne
934 3388 1045 3438 temere
1061 3378 1126 3439 ride

43 3477 47 3484 ·
156 3479 219 3522 mur
235 3462 343 3524 oratori
357 3461 480 3520 maximo
496 3459 532 3520 de
544 3463 658 3521 nomine
674 3463 742 3522 artis
761 3480 832 3522 suae
851 3462 1022 3524 credidisse.
