2446 3962
395 205 485 252 ruso.
500 207 649 260 onnuon.
664 206 830 272 mu.1t',2.
1049 203 1107 262 173

197 357 250 418 llla
266 375 382 440 quoque
404 367 435 417 ut
454 361 609 420 narrationi
627 369 692 438 apta
715 362 753 421 ita
770 380 833 422 cum
856 367 962 425 ceteris
980 367 1108 444 partibus
1117 379 1152 434 63
1181 391 1183 399 ·

107 443 271 502 communis
299 451 344 500 est
369 444 476 520 virtus,
512 461 595 520 quam
619 443 804 504 Theodectes
829 446 896 506 huic
918 451 964 508 uni
990 453 1109 529 proprie

109 525 206 593 dedit;
236 543 293 586 nou
317 527 391 592 euim
413 527 593 603 magnificam
615 528 700 587 modo
724 527 785 587 vult
807 547 874 589 esse
899 551 998 592 verum
1024 535 1109 594 etiam

112 608 264 671 iucundam
286 611 507 690 expositionem.
541 611 612 672 Sunt
636 614 684 689 qui
705 612 839 672 adiiciant
859 614 903 674 bis
926 617 1108 694 evidentiam,

1 709 2 744 1
110 709 188 770 quae
205 687 340 773 ἐνάργεια
358 691 468 754 Graece
484 701 614 754 vocatur.
644 693 747 774 Neque
764 713 821 772 ego
835 713 1006 777 quemquam
1021 701 1151 768 dece-64

109 778 221 854 perim,
247 785 277 835 ut
297 777 491 853 dissimulem,
512 779 645 838 Ciceroni
668 796 783 856 quoque
804 780 903 858 plnres
925 793 1023 861 partes
1046 785 1107 863 pla·

1 869 3 882 ’
106 877 191 919 cere.
227 858 314 932 Nam,
340 869 543 939 praeterquam
565 862 678 939 planam
700 871 730 921 et
744 862 865 922 brevem
889 874 917 926 et
940 867 1108 927 credibilem

1 993 2 1021 ,
107 942 172 1002 vult
190 961 257 1003 esse
274 943 452 1019 evidentem,
474 954 630 1020 moratam,
652 965 715 1004 oum
736 946 883 1023 dignitate.
919 949 980 1010 Sed
995 951 1024 1010 in
1044 968 1107 1010 ora-

108 1029 189 1085 tione
204 1036 314 1089 morata
336 1027 443 1090 debent
465 1047 531 1089 esse
553 1031 647 1090 omnia
668 1047 731 1089 cum
749 1030 903 1108 dignitate,
928 1050 1002 1111 quae
1024 1043 1107 1112 pote·

107 1120 184 1168 ruut.
223 1109 375 1171 Evidentia
401 1113 429 1170 in
449 1115 630 1189 narratione,
653 1123 786 1190 quantum
809 1133 866 1190 ego
887 1117 1038 1194 intelligo,
1062 1127 1107 1178 est

108 1194 227 1271 quidem
251 1212 354 1272 magna
376 1195 485 1271 virtus,
508 1214 588 1270 com,
610 1197 677 1274 quid
699 1199 778 1272 veri,
802 1215 859 1256 uon
880 1199 1032 1260 dicendum
1053 1201 1107 1261 sed

107 1277 320 1356 quodammodo
336 1279 421 1338 etiam
443 1280 650 1340 ostendendum
674 1289 731 1348 est;
755 1280 809 1340 sed
822 1281 924 1341 subiici
946 1285 1106 1361 perspicui-

107 1363 159 1419 tati
181 1370 295 1439 potest,
318 1379 402 1439 quam
418 1363 531 1440 quidam
552 1366 637 1425 etiam
659 1365 830 1424 contrariam
853 1367 965 1425 interim
986 1376 1105 1445 putore-

108 1453 191 1519 runt,
219 1446 285 1523 quia
310 1447 338 1504 in
362 1445 531 1524 quibusdam
555 1449 649 1507 causis
673 1447 854 1508 obscurando
877 1452 984 1509 veritas
1010 1461 1104 1520 esset;

110 1528 188 1606 quod
210 1537 255 1588 est
274 1528 434 1590 ridiculum.
471 1530 543 1592 Nam
564 1533 612 1610 qui
634 1530 792 1591 obscurare
816 1531 893 1609 vult,
914 1544 1010 1594 narrat
1033 1534 1147 1596 tatsaoe

111 1628 165 1688 pro
179 1615 271 1687 reris,
289 1622 318 1671 et
333 1614 362 1671 in
377 1613 421 1673 his
438 1633 512 1693 quae
527 1624 623 1676 narrat
639 1614 726 1674 debet
742 1615 893 1694 laborare,
912 1626 942 1676 ut
956 1619 1106 1678 videantur

114 1711 196 1772 quam
210 1695 432 1756 evidentissima.

195 1777 229 1839 lit
246 1789 386 1858 quatenus
408 1782 493 1841 etiam
512 1782 589 1840 forte
608 1782 727 1860 quadam
747 1784 930 1860 pervenimus
947 1783 982 1842 ad
1004 1783 1105 1843 diilici·
1114 1793 1147 1846 66

109 1859 166 1920 lius
181 1866 374 1932 narrationum
389 1882 498 1941 genus,
522 1867 577 1923 iam
592 1865 628 1924 de
644 1865 688 1924 bis
705 1865 871 1942 loquamur,
893 1868 922 1926 in
938 1865 1040 1942 quibus
1057 1885 1105 1924 res

106 1955 238 2006 contra
261 1964 326 2006 nos
349 1949 419 2025 erit,
444 1964 501 2026 quo
518 1947 585 2006 loco
602 1947 731 2008 nonnulli
747 1949 987 2026 praetereundam
1008 1966 1104 2008 narra·

103 2031 216 2090 tionem
236 2040 417 2109 putaverunt.
457 2031 494 2092 Et
513 2050 583 2093 sane
604 2032 672 2092 nibil
694 2041 739 2091 est
760 2031 889 2108 facilius,
909 2033 963 2091 nisi
984 2049 1104 2110 prorsus

1 2132 2 2142 ¹
102 2123 197 2174 totam
216 2131 330 2175 causam
346 2117 459 2175 omnino
477 2132 534 2175 uon
550 2134 649 2193 agere.
679 2116 738 2176 Sed
752 2117 776 2174 si
792 2115 888 2194 aliqua
902 2117 977 2175 iusta
992 2117 1104 2176 ratione

99 2197 269 2259 huiusmodi
292 2200 462 2276 susceperis
487 2199 583 2258 litem:
617 2201 697 2259 cuius
724 2201 793 2259 artis
822 2209 884 2274 est,
911 2198 1014 2258 malam
1037 2216 1104 2258 esse

100 2298 226 2342 causam
247 2281 363 2342 silentio
389 2279 541 2342 coniiteri‘l
565 2284 620 2341 nisi
640 2282 716 2344 forte
737 2289 794 2340 tam
813 2280 908 2340 hebes
927 2281 1040 2340 iuturus
1061 2291 1106 2341 est

98 2365 211 2439 iudex,
231 2373 262 2425 ut
277 2366 434 2428 secundum
448 2367 476 2426 id
492 2367 672 2444 pronuntiet,
696 2363 772 2443 quod
787 2367 861 2426 sciet
876 2381 994 2426 narrare
1010 2373 1039 2427 te
1054 2382 1105 2426 no·

98 2449 209 2510 luisse.
246 2447 349 2527 Neque
371 2450 473 2510 infitias
490 2466 542 2524 eo,
564 2451 592 2508 in
611 2451 791 2524 narratione,
812 2457 843 2508 ot
857 2449 953 2527 aliqua
973 2450 1146 2527 negandabt

97 2532 204 2612 aliqua
225 2531 385 2595 adiicienda
403 2533 499 2612 aliqua
514 2534 661 2610 mutanda,
681 2535 724 2592 sic
744 2533 841 2612 aliqua
861 2535 947 2592 etiam
967 2533 1103 2600 tacenda:

96 2616 162 2678 sed
182 2616 322 2691 tacenda,
346 2635 420 2695 quae
441 2626 540 2678 tacere
561 2617 708 2696 oportebit
731 2626 759 2675 et
778 2617 900 2676 liberum
922 2617 986 2674 erit.
1020 2614 1105 2688 Quod

97 2701 133 2760 iit
161 2716 363 2778 nonnunquam
383 2699 533 2760 brevitatis
557 2718 674 2780 quoque
697 2700 806 2777 gratie,
839 2699 925 2777 quale
952 2698 1023 2760 illud
1045 2709 1104 2760 est:

95 2784 294 2861 Respondit,
316 2800 396 2862 quoe
412 2786 440 2844 ei
459 2785 557 2849 cisum
573 2793 628 2845 ert.
664 2783 879 2861 Distinguamus
895 2784 982 2858 igitur
996 2796 1148 2858 genereo&

96 2884 268 2928 causarum.
308 2866 455 2946 Namque,
481 2867 627 2947 inquibus
644 2865 750 2926 nonde
772 2865 857 2944 culpa
875 2874 1031 2944 quaeretur
1052 2866 1106 2927 sed

96 2953 140 3012 de
162 2953 288 3024 actione,
307 2951 417 3010 etiamsi
433 2961 516 3012 eruut
530 2960 631 3012 contra
645 2967 699 3010 uos
715 2949 856 3026 themata,
875 2949 1007 3011 confiteri
1021 2949 1105 3010 nobis

94 3033 224 3096 licebit:
253 3031 420 3096 Pocordcm
440 3037 480 3096 de
500 3037 609 3115 templo
621 3033 742 3096 mctalli
758 3035 815 3096 sed
833 3035 1000 3112 privatam,
1023 3035 1105 3096 ideo·

1 3119 2 3147 ³
94 3136 166 3180 “ne
181 3117 352 3197 sacriloquos
365 3137 425 3181 non
440 3123 493 3181 ert.
526 3116 680 3200 Virpioem
695 3120 817 3198 rapuit,
832 3137 893 3180 noc
909 3125 1011 3180 tomen
1024 3119 1105 3195 optio

120 3202 192 3264 atri
205 3202 342 3264 dabitur.
367 3199 536 3280 lopencum
549 3203 702 3283 stupravit
715 3211 744 3265 et
756 3209 915 3281 stupratur
931 3221 965 3262 re
977 3219 1104 3279 scopen-
1113 3210 1146 3264 69

127 3288 170 3362 tt,
191 3293 366 3346 nontamen
384 3287 456 3350 ideo
468 3295 626 3365 strrprctor
643 3287 791 3365 capitoni
810 3303 910 3346 cocco
926 3285 1031 3346 morde
1044 3301 1104 3362 po-

127 3370 225 3444 tetur,
254 3369 311 3430 sed
330 3369 435 3432 docem
456 3371 557 3447 milio,
589 3387 669 3448 qnae
686 3387 786 3447 poena
806 3369 976 3446 stupratori
997 3368 1104 3428 noteti-

128 3459 174 3514 ua
198 3458 262 3530 cst,
283 3452 378 3514 dubit.
421 3452 529 3512 Verum
553 3455 581 3512 in
600 3452 644 3512 lris
666 3469 782 3532 quoque
806 3449 1038 3512 confessionibus
1059 3458 1104 3510 est
