2444 3972
325 242 415 290 rusa.
431 239 740 307 ouuron.n1n.1,6.
990 229 1028 292 35

57 394 181 455 cuiusdam
197 404 241 456 εει
260 405 290 456 ει
307 395 430 456 frivolae
451 399 480 456 in
499 398 596 474 parvis
618 397 784 458 iactantiae
819 395 938 458 Multum
957 401 1030 459 euim
1038 410 1071 462 21

55 477 192 556 litteratus,
216 481 343 559 quisine
364 483 543 560 aspiratione
562 489 592 541 et
607 481 749 560 producta
765 482 893 542 secunda
916 483 1029 559 syllaba

54 561 164 622 salutarit
179 564 286 642 (overe
302 573 346 624 est
360 566 449 644 enim)
462 574 492 624 ει
508 565 683 643 calefacere
698 567 802 626 dixerit
817 569 929 644 potius,
946 586 1030 647 quam

55 647 117 722 quod
137 647 267 724 dicimus,
292 657 321 708 et
341 651 591 711 cocseroooicse:
614 649 658 709 his
681 650 796 710 adiiciat
814 650 888 728 face
909 659 938 710 et
959 654 1029 716 dice

54 739 76 787 et
91 731 190 791 similia.
227 733 318 792 Recta
342 742 386 793 est
407 733 480 794 haec
498 736 560 810 via,
584 736 647 812 quis
670 731 779 811 negati
801 735 854 795 sed
870 735 983 795 adiacet
1002 744 1070 797 etia

53 813 149 874 mollior
169 825 197 876 ει
216 819 307 894 magis
330 819 405 877 trita.
447 816 513 894 Ego
537 827 632 877 tamen
653 835 711 876 non
731 818 788 878 aiio
811 820 902 895 magis
925 837 1027 897 angor,

54 913 120 972 quam
143 900 216 977 qnod
239 900 364 979 obliquis
394 901 509 961 casibus
537 900 615 961 ducti
638 903 723 961 etiarn
744 903 850 980 primas
873 902 929 962 sibi
950 905 1027 982 posi·

54 982 129 1041 tiones
142 1001 195 1043 non
216 987 345 1044 invenire
366 986 420 1045 sed
436 993 546 1044 mutare
568 987 748 1063 permittunt:
770 994 801 1045 ut
818 1004 881 1046 cunr
903 988 979 1049 ebur
999 997 1028 1048 et

53 1066 144 1140 robor,
164 1069 204 1128 ita·
216 1069 292 1128 diota
307 1085 342 1128 ac
361 1071 469 1147 scripta
485 1071 600 1129 summis
618 1069 802 1145 auctoribus,
824 1072 853 1130 in
868 1090 886 1132 0
904 1070 1028 1133 litteram

52 1151 174 1212 secundae
196 1152 328 1228 syllabae
350 1153 541 1228 transierunt,
570 1155 635 1233 quia
657 1156 694 1213 sit
721 1155 842 1215 roboris
863 1162 892 1213 ει
915 1157 1026 1232 eboris,

51 1235 133 1314 misor
151 1245 246 1297 autem
264 1245 293 1296 ει
305 1245 412 1316 poitur
426 1257 447 1298 c
462 1237 585 1298 litteram
600 1239 629 1296 iu
643 1239 772 1314 genitivo
789 1247 922 1307 servent;
946 1241 1026 1300 ideo-

52 1333 95 1392 que
110 1322 192 1382 iecur
214 1323 301 1381 etiam
325 1330 354 1381 et
373 1322 476 1401 femur
500 1323 726 1382 controversiam
754 1321 896 1382 iecerunt.
943 1322 1069 1397 Quadra

49 1417 93 1460 uon
109 1405 194 1464 minus
216 1415 262 1464 est
278 1405 474 1480 licentiosum,
499 1419 583 1483 quam
599 1407 623 1464 si
638 1407 750 1484 ccifari
765 1415 797 1467 et
807 1409 924 1486 quitari
939 1407 1026 1468 subii-

50 1497 131 1547 cerent
150 1491 177 1550 iu
197 1491 328 1568 genitivo
349 1489 473 1550 litteram
494 1510 512 1549 o
532 1489 670 1565 mediam,
695 1491 760 1568 qnia
781 1500 862 1550 esset
877 1492 978 1552 eboris
999 1500 1027 1550 ει

16 1615 17 1650 3
50 1571 166 1643 roboria·
187 1576 266 1634 sicut
285 1572 427 1633 Antonius
445 1571 574 1651 Gnipho,
598 1574 646 1651 qui
661 1575 757 1634 robur
778 1575 892 1652 quidem
907 1583 936 1634 ει
950 1576 1027 1636 ebor

16 1687 18 1734 i
50 1660 117 1732 atque
137 1660 221 1719 etiam
242 1675 382 1719 marmur
402 1656 508 1717 latetur
529 1675 613 1731 esse,
635 1676 734 1717 uerum
756 1658 819 1718 lieri
840 1657 902 1719 vuit
923 1677 960 1718 ex
982 1659 1026 1718 bis

16 1741 18 1804 ff
53 1739 160 1818 rotare,
186 1744 305 1818 eburo,
330 1759 498 1802 marmora.
536 1739 647 1813 Quodsi
669 1743 929 1802 animadverterent
951 1742 1069 1805 line-nu

16 1819 17 1830 ’
51 1837 122 1884 rtrum
141 1826 325 1900 affinitatem,
348 1827 456 1884 scirent
478 1825 521 1882 sic
544 1824 579 1882 ab
602 1841 656 1900 eo,
681 1825 758 1902 quod
780 1835 825 1885 est
846 1828 951 1895 robur,
974 1845 1025 1887 ro-

49 1903 114 1968 boria
129 1910 205 1986 lieri,
228 1910 375 1988 quomodo
396 1909 432 1970 ab
456 1925 511 1983 eo,
533 1907 611 1985 quod
633 1917 678 1968 εει
699 1909 785 1969 miles
799 1911 901 1986 timec,
925 1910 1026 1970 ceiiitic

45 1988 141 2072 limitis,
159 1997 260 2056 iudeo
275 1995 405 2066 oiadcc,
425 1993 538 2054 iudicis
552 1993 702 2068 vindicis,
723 2001 752 2051 et
771 2011 846 2072 qnae
865 2011 953 2072 supra
970 1995 1025 2053 iam

44 2075 119 2150 attigi.
158 2077 235 2152 Quid
257 2094 328 2137 vero
351 2077 444 2157 qnod,
475 2084 506 2135 ut
527 2075 709 2152 dicebamus,
732 2078 842 2137 similes
865 2079 1067 2156 positiones25

43 2155 64 2214 iu
77 2157 156 2239 longe
171 2163 305 2224 diversas
321 2161 428 2239 figuras
443 2178 497 2238 per
513 2159 648 2238 obliquos
664 2178 749 2220 casus
765 2171 882 2236 exeunt,
898 2170 928 2220 ut
939 2164 1026 2240 oirpo

42 2238 120 2322 laco,
137 2247 229 2324 faece
244 2247 347 2319 iuras,
369 2247 473 2324 cuspis
484 2247 599 2323 puppis
626 2254 656 2304 et
673 2244 752 2304 mille
771 2241 846 2304 alia?
870 2263 933 2304 cnm
956 2244 1025 2304 iilud

43 2327 112 2388 etiam
126 2332 256 2406 accidat,
278 2339 309 2389 ut
324 2329 463 2409 quaedam
477 2327 629 2407 pluraliter
644 2345 701 2388 non
715 2329 862 2404 dicantur,
886 2329 1026 2406 quaedam

16 2439 17 2484 q
42 2419 125 2473 contra
139 2415 282 2492 singulari
297 2430 433 2489 numero,
449 2412 588 2492 quaedam
604 2413 717 2473 casibus
733 2422 867 2489 careant,
886 2413 1025 2492 quaedam

16 2489 20 2570 i
42 2498 150 2571 aprbnis
166 2501 264 2560 statim
277 2496 468 2578 positionibus
484 2505 544 2556 tota
558 2505 712 2572 mutentur,
729 2495 923 2576 utlcppiter,
940 2496 1024 2571 Quod
1033 2501 1067 2555 26

42 2579 122 2640 uerbis
136 2586 224 2643 etiam
242 2582 347 2643 accidit
361 2591 392 2642 ut
405 2581 447 2640 illi
461 2582 544 2660 serp,
564 2581 644 2640 ouius
660 2583 848 2659 praeteritum
862 2581 1024 2660 perlectum
1069 2613 1072 2619 ·

42 2669 64 2718 ει
76 2664 190 2726 ulterius
209 2679 268 2726 rr'on
289 2668 439 2726 invenitur.
475 2663 538 2724 Nec
558 2665 709 2742 plurimum
728 2665 835 2740 relert,
858 2665 936 2726 nulia
950 2665 1024 2725 haec

41 2759 67 2804 m
84 2751 224 2826 praedura
247 2753 312 2811 siut.
362 2748 434 2809 Nam
455 2749 522 2826 quid
538 2749 702 2828 propeaies
722 2751 851 2826 genitivo
874 2749 1023 2827 singulari,

41 2833 93 2904 quid
112 2835 216 2913 plurali
235 2853 308 2914 spes
328 2830 437 2894 faciet?
460 2830 611 2905 Quomodo
636 2842 731 2894 autem
753 2834 843 2911 quire
862 2841 891 2892 ει
912 2851 1025 2910 cepere

40 2913 76 2974 tel
94 2916 120 2976 in
138 2920 298 2997 praeterita
316 2917 442 2997 patiendi
458 2915 544 2976 modo
565 2917 615 2976 vei
629 2917 658 2976 in
676 2919 829 2997 participia
844 2915 1024 2977 transibunt?

36 2993 100 3068 Quid
116 3002 151 3061 de
169 3002 235 3063 aliis
255 3003 362 3078 dicam,
384 3019 448 3062 oum
465 3007 592 3061 secatus
610 3004 711 3064 secoli
730 3020 765 3062 an
782 3009 909 3062 semeias
925 3001 1065 3076 fasiacen

38 3080 165 3145 incertum
187 3085 246 3146 sit?
280 3085 376 3160 Quare
395 3085 462 3144 mibi
476 3101 533 3144 non
552 3086 703 3145 invenuste
721 3086 777 3146 dici
793 3085 924 3160 ridetur,
947 3084 1024 3145 aliud

16 3161 19 3252 p
36 3181 93 3225 esse
106 3168 208 3229 Latine
223 3171 299 3230 aliud
318 3168 608 3248 grammatioe'loqui.
639 3168 684 3229 Ac
699 3171 735 3230 de
750 3170 884 3246 analogia
899 3170 1022 3230 nimium.

16 3255 19 3322 l
107 3251 363 3332 Etpmologia,
393 3270 467 3332 quae
495 3252 650 3313 verborum
678 3255 818 3332 originem
845 3255 978 3332 inquirit,
1010 3259 1067 3312 aab

16 3327 17 3332 ’
35 3327 168 3398 dicerene
193 3339 269 3399 dicta
292 3349 337 3398 est
358 3339 489 3414 notatio,
518 3339 589 3415 qnia
605 3355 710 3398 nomen
732 3341 794 3398 eius
814 3339 889 3416 apud
910 3336 1022 3396 Aristo-

16 3415 112 3510 palem
131 3424 278 3484 invenitur
299 3417 461 3502 σύμβολον,
486 3422 562 3499 quod
586 3430 631 3480 εει
650 3433 741 3493 noim·
762 3439 825 3482 uam
846 3420 966 3480 verbum
987 3437 1024 3479 ex

16 3513 19 3650 p
36 3501 115 3560 serbo
130 3506 264 3583 ductum,
286 3507 315 3566 id
332 3516 377 3566 est
394 3507 611 3583 veriloquium,
635 3508 699 3584 ipse
716 3505 909 3647 Cicerogssqui
932 3505 1023 3578 iunxit,
