2436 3956
362 177 451 225 mss.
465 176 695 228 ereremum.
708 179 799 246 rma.
1008 170 1067 234 103

59 327 154 410 πήσει
170 334 271 410 potuit.
304 329 376 392 Nam
390 329 581 408 breviarium
603 343 634 394 ut
648 335 687 394 ait
708 333 825 412 Cicero,
840 354 857 396 a
874 355 907 396 re
923 336 1111 414 digressiosa
1152 386 1156 394 .

60 417 198 495 plurimis
214 415 244 476 iit
257 414 361 474 modis.
391 414 451 475 Sed
465 416 540 476 baec
554 417 679 496 exempli
696 420 789 495 gratia
809 419 969 480 sufficient:
995 421 1069 484 Tum

62 499 100 560 U.
126 498 278 576 Varenus,
293 500 321 560 is
336 501 388 578 qui
402 517 423 560 a
436 500 557 577 familia
566 498 770 563 Anchariana
784 507 906 565 occisus
920 513 984 574 est,-
998 505 1067 582 boc,

59 601 199 663 quaeso,
222 584 357 660 iudices,
386 583 548 662 diliqenter
571 585 734 657 attendite,⁸
763 595 793 646 et
819 603 873 666 pro
899 586 1006 648 Milone
1028 587 1071 652 m

58 669 191 748 aspecit
210 686 257 728 me
275 667 336 729 illis
356 667 478 745 quidem
493 668 604 746 oculis,
631 669 742 746 quibus
762 678 824 732 tum
844 671 977 748 solebat,
1000 692 1069 734 crem

57 752 207 814 omnibus
226 753 327 812 omnia
341 750 525 817 minabatur
561 749 614 812 Est
634 752 690 813 alia
704 768 762 813 ιιοι
778 755 891 832 quidem
906 753 1111 833 reticentiam

59 853 143 914 quae
159 836 196 895 sit
210 835 373 913 imperfecti
389 835 546 912 sermonis,
567 834 620 900 sed
643 843 737 896 tamen
759 839 892 916 praecisa
906 838 987 898 velut
1002 850 1070 902 ante

62 917 226 996 legitimum
247 918 331 978 inem
353 919 462 979 oratio:
486 927 517 978 ιι
541 917 613 980 illud
635 917 734 982 Nimis
753 939 863 1001 urqeo,
887 926 1069 986 comosooeri

59 1003 191 1064 uidetur
209 1003 409 1074 adolescente
430 1011 459 1062 et
487 998 570 1102 Quid
585 1004 735 1082 plura?
723 1023 823 1085 ipsum
840 1007 1070 1070 adolescentem

59 1087 174 1148 dicere
188 1087 329 1147 audistis.

152 1168 316 1230 Imitatio
341 1185 475 1228 morum
500 1169 723 1268 alienorum,
746 1189 820 1250 quae
843 1165 988 1250 ἦθοιιοιΐα
1008 1174 1111 1252 veLbB

62 1261 96 1314 ut
112 1252 162 1312 alii
165 1252 297 1350 malum,
310 1252 427 1330 pinques
443 1253 582 1330 dicitur,
573 1271 628 1314 rem
642 1255 718 1314 inter
733 1255 861 1315 leniores
878 1257 999 1317 affectus
1017 1276 1067 1317 nu·

61 1337 172 1396 merari
185 1345 295 1414 potest.
324 1335 378 1396 Est
399 1336 474 1395 enim
489 1338 584 1414 posita
601 1337 687 1397 iere
678 1357 706 1397 m
723 1337 900 1441 eludendo,
901 1339 953 1400 sed
968 1358 1067 1400 versa·

63 1428 113 1481 tur
129 1429 158 1479 et
172 1421 200 1478 irr
218 1420 303 1480 iactis
317 1421 372 1480 et
363 1437 392 1480 m
411 1420 504 1480 dictis
548 1419 580 1480 in
595 1420 697 1498 iactis,
720 1421 797 1500 quod
819 1431 863 1482 est
884 1415 1068 1484 ὑποτυπώσει

63 1505 207 1574 vicinum
223 1505 252 1564 in
268 1503 363 1579 dietis,
380 1502 466 1582 quale
479 1514 525 1564 est
542 1505 617 1583 apud
633 1504 819 1566 Terentium

151 1585 192 1648 At
205 1606 260 1666 eqo
273 1587 457 1664 nesciebam,
473 1603 617 1666 quorsum
636 1592 694 1649 ιιι
681 1608 752 1651 eres.
786 1587 922 1652 Parvula

150 1670 230 1734 Hinc
245 1681 290 1733 est
303 1673 445 1751 abrepta,
461 1673 567 1733 educit
580 1682 679 1734 mater
690 1691 749 1751 pro
763 1692 833 1750 sora,

151 1753 249 1817 Soror
263 1757 349 1818 dieta
363 1764 425 1816 est:
444 1756 533 1854 cupio
548 1756 715 1832 abducere,
730 1765 764 1817 ιιι
776 1759 908 1818 reddam
918 1759 993 1817 suis.

66 1932 115 1984 est
130 1941 183 2002 per
194 1922 439 1998 relationem,
456 1922 511 1980 nisi
527 1921 605 2002 quod
620 1921 801 2001 frequentius
818 1931 969 1983 asseverat
985 1940 1070 2000 quam

66 2007 175 2068 eludit:
199 2007 349 2069 Dicebam
372 2006 486 2068 babere
509 2025 560 2070 eos
579 2014 715 2068 actorem
738 2003 774 2080 Q.
792 2003 969 2067 Caecilium.
999 2006 1070 2066 Sunt

67 2101 97 2152 et
125 2090 175 2151 iila
201 2091 377 2151 iucundaet
406 2087 442 2149 ad
468 2089 743 2150 commendationem
764 2105 828 2148 eum
848 2087 990 2148 varietate
1012 2098 1069 2149 tum

66 2177 154 2234 etiam
174 2175 237 2252 ipsa
259 2183 358 2234 natura
381 2173 532 2252 plurimum
550 2181 686 2252 prosunt,
711 2190 785 2251 quae
806 2171 965 2250 simplicem
982 2189 1069 2251 quen·

65 2259 134 2319 dam
152 2266 181 2317 et
201 2274 259 2317 non
287 2265 489 2336 praeparatam
516 2255 695 2317 ostendendo
723 2256 883 2316 orationem
902 2257 993 2314 minus
1015 2273 1070 2314 nos

66 2349 223 2420 suspectos
240 2342 326 2402 iudici
343 2341 460 2401 iaciunt·
491 2339 563 2400 Hinc
585 2349 631 2400 est
653 2341 734 2418 quasi
756 2339 994 2418 poenitentia
1018 2339 1113 2402 ‹ii-6⁰

67 2427 131 2486 cti:
157 2434 187 2484 ut
202 2441 255 2503 pro
272 2422 373 2484 Caelio
397 2423 463 2486 Sed
479 2425 554 2502 quid
568 2443 623 2500 eqo
637 2427 682 2485 itu
698 2441 825 2503 prooem
844 2424 1065 2502 personantiu-

68 2510 213 2570 troduci?
242 2506 280 2569 Et
301 2508 404 2587 quihus
424 2509 528 2567 utimur
548 2508 653 2585 vulgo:
675 2505 862 2586 Imprudens
874 2508 980 2568 incidi.
1013 2505 1070 2566 Vel

66 2610 133 2652 cum
148 2609 290 2670 quaerere
308 2608 383 2668 nos,
409 2591 475 2671 quid
491 2591 634 2666 dicamus,
656 2591 804 2667 tingimus:
823 2589 905 2662 Quid
919 2592 1070 2668 reliquum

68 2678 135 2738 est?
151 2685 180 2735 et
194 2673 274 2737 Num
290 2677 365 2755 quid
379 2677 486 2738 omisi?
508 2684 537 2734 et
554 2693 617 2735 cum
632 2674 738 2734 ibidem
753 2675 900 2749 invenire,
922 2683 952 2734 ut
968 2675 1006 2733 ait
1023 2671 1070 2733 Gi-

69 2777 157 2820 cero:
175 2757 273 2822 Unum
288 2761 380 2822 eliam
396 2760 470 2820 mibi
483 2761 633 2836 reliquum
641 2759 814 2819 huiusmodi
825 2759 941 2818 crimen
960 2764 1025 2828 est,·
1041 2764 1071 2816 et

69 2842 162 2906 Atmd
178 2862 218 2904 em
231 2844 292 2906 alio
305 2845 461 2904 succurrit
476 2843 557 2902 mibi.
592 2841 676 2902 Unde
695 2842 780 2900 etiam
800 2841 914 2900 venusti
935 2841 1070 2900 transrtus
1078 2843 1113 2900 61

69 2929 152 2994 ianm
169 2943 227 2986 ιιιιι
244 2928 310 3004 quia
325 2927 484 2986 transitus
476 2944 540 3004 rpse
561 2926 598 2984 sit
613 2924 747 3000 schema,
766 2934 796 2985 ut
812 2922 933 2999 Cicero,
955 2932 1071 2984 narrato

71 3011 181 3072 Pisonis
198 3009 345 3088 exempla,
362 3028 411 3088 qm
404 3010 537 3070 anulum
552 3008 607 3068 sibi
625 3009 691 3068 cudi
706 3008 741 3073 ab
755 2999 901 3068 auriiiee
893 3026 922 3068 ιι
937 3007 1072 3085 tribunali

71 3111 124 3153 suo
138 3095 279 3169 iusserat,
303 3093 384 3153 velut
404 3093 491 3153 hoc
482 3112 511 3152 m
535 3093 699 3152 memoriam
719 3092 851 3152 inductus
872 3091 990 3152 adiecit:
1005 3088 1071 3153 Hic

72 3175 158 3239 modo
172 3197 219 3240 me
237 3177 415 3239 commonuit
429 3175 548 3240 Pisonis
563 3178 684 3252 anulus,
700 3177 782 3254 quod
794 3184 885 3238 ιοιιιιιι
898 3173 1071 3254 effluaerat

72 3258 172 3334 Quam
194 3261 295 3322 mullis
315 3262 405 3321 istum
425 3263 543 3338 putatis
563 3260 731 3322 bomirsibus
752 3259 885 3321 nonestis
905 3260 944 3320 de
968 3260 1073 3337 diqitis

73 3344 181 3406 anulos
195 3362 307 3405 aurcos
329 3345 513 3406 abstulisse?
539 3342 577 3403 Ει
597 3362 660 3404 aum
680 3341 776 3420 aliqua
788 3342 876 3402 uelut
891 3343 1071 3419 ignoramus:

73 3427 142 3488 Sed
152 3445 258 3489 earum
273 3445 378 3490 comem
392 3425 555 3506 artificem,
570 3427 680 3505 quem?
695 3427 881 3503 quenmam?
903 3425 998 3487 Recte
1012 3425 1074 3488 ad·
