2436 3956
184 195 225 258 at
502 209 538 256 m.
554 207 632 256 uns.
649 205 869 267 autumemus

154 365 293 441 ascripto
318 370 347 420 et
363 363 398 422 de
420 362 569 421 voluntate
590 362 746 440 quaeritur.
789 361 820 420 ld
843 369 900 419 tum
915 359 1043 435 accidit,
1067 377 1128 418 cum
1145 366 1180 418 est

182 449 211 507 in
226 446 294 523 lege
312 445 407 524 aliqua
429 445 601 505 obscuritas.
646 443 678 504 ln
694 462 728 504 ea
745 454 792 504 aut
805 454 931 521 uterque
942 461 1031 502 suam
1052 444 1181 519 interpre-

183 532 320 590 tationem
340 530 508 604 coniirmat‚
527 529 685 588 adversarii
707 528 866 587 subvertit:
893 535 924 586 ut
938 527 1009 602 hic,
1035 525 1103 586 Fur·
1117 543 1183 602 qno-

184 615 329 692 dsnplnm
350 616 456 676 solvat.
499 611 567 672 Duo
587 614 806 690 surripuerant
819 614 940 690 pariter
955 612 1071 671 decem
1092 610 1183 673 miliat

181 706 327 778 petuntur
343 699 382 760 ult
400 706 529 774 utroque
544 698 768 774 circurspecm
789 698 834 757 tttt
845 695 1022 772 postulunt,
1040 702 1076 754 nt
1089 695 1185 753 sicem

185 784 354 860 conferant.
393 779 464 840 Nam
480 788 510 838 et
527 789 609 839 actor
624 779 708 854 dicit,
727 779 783 838 hoc
800 797 867 837 esse
885 777 1102 856 quadruplum,
1119 772 1184 853 quui

184 874 279 944 petat,
305 873 334 924 et
351 867 394 924 rei
409 865 482 939 huc,
506 862 737 941 quodomnium
766 862 900 921 voluntas
921 877 1047 940 quoque
1064 861 1185 936 utrinque

156 948 356 1016 adelenditur.
403 947 476 1020 Aut,
504 963 568 1005 oum
592 947 627 1005 de
648 946 741 1005 altero
765 945 915 1004 intellectu
937 955 1056 1004 certum
1077 953 1135 1015 est,
1156 941 1183 998 de

185 1033 278 1092 altero
297 1031 429 1090 dubium:
450 1028 501 1089 Ec
517 1031 677 1090 meretrice
697 1039 789 1090 rcotns
805 1049 844 1090 ne
867 1030 1074 1091 continuetur.
1112 1024 1185 1098 Quae

183 1117 278 1194 fitium
305 1115 453 1191 nebeim,
482 1123 626 1192 prostare
652 1115 767 1192 coepit.-
804 1113 984 1191 proln'bctnr
1015 1113 1184 1174 adolescens

186 1201 332 1262 contione.
369 1197 440 1258 Nam
461 1197 498 1257 de
521 1199 582 1256 eius
611 1197 687 1273 tilio,
711 1213 785 1275 quae
814 1205 880 1256 ante
909 1206 1027 1274 partum
1060 1189 1182 1254 meretrix

185 1284 254 1358 luit,
271 1290 382 1341 certum
397 1290 457 1341 est:
477 1299 512 1342 an
528 1282 628 1342 eadem
643 1281 725 1340 huius
742 1281 894 1355 cenassit,
911 1279 1035 1340 dubium
1052 1287 1115 1353 est,
1132 1273 1197 1352 quia¹

158 1373 224 1426 tex
240 1366 294 1424 hac
309 1373 468 1439 natusest,
487 1374 517 1423 et
530 1365 602 1424 haec
613 1366 750 1424 meretrix
767 1373 820 1424 est.
851 1364 934 1423 Solet
950 1373 981 1423 et
998 1362 1074 1424 iilud
1086 1355 1197 1440 quaesti

186 1465 243 1530 quo
261 1448 419 1521 referatur,
440 1447 517 1524 quod
534 1450 672 1525 scriptum
690 1457 748 1523 est,
766 1447 821 1509 Bis
842 1449 881 1508 de
901 1448 1016 1508 eodem
1039 1465 1076 1506 re
1100 1438 1181 1504 neti!

185 1533 286 1600 cotim·
301 1531 329 1590 id
345 1539 404 1606 est,
422 1529 478 1589 hoo
492 1532 539 1592 bis
555 1531 590 1590 ad
606 1540 734 1590 actorem
751 1549 786 1590 an
801 1531 836 1590 ad
851 1526 1024 1590 actionem?
1062 1528 1139 1588 Haec
1154 1535 1180 1578 et

185 1619 246 1675 iure
265 1614 402 1674 obscuro.
499 1637 507 1656 ·

249 1698 379 1757 Alterum
391 1716 483 1775 genus
497 1706 541 1759 est
554 1717 591 1758 ex
603 1698 769 1766 manifesto3
787 1697 863 1776 quod
877 1698 923 1774 qui
936 1697 1037 1756 solum
1052 1693 1177 1774 viderunt,
1196 1761 1197 1776 χ

186 1783 261 1842 huuc
276 1791 379 1841 statum
401 1782 500 1860 plani
522 1792 555 1842 et
576 1783 781 1843 voluntatis
799 1781 996 1859 appellarunt.
1033 1779 1066 1838 ln
1081 1776 1135 1835 hoc
1148 1767 1176 1863 ai·

158 1875 247 1930 ntera
268 1884 336 1944 pars
358 1868 468 1944 scripto
490 1867 587 1926 nititur
608 1867 700 1926 altera
719 1865 877 1924 voluntate.
919 1864 978 1923 Sed
998 1871 1103 1924 contra
1123 1869 1177 1914 scn-

187 1960 265 2029 ptum
286 1949 377 2008 tribus
399 1949 557 2027 generibus
577 1950 749 2008 occurritur.
794 1947 886 2007 Unum
907 1957 969 2023 est,
1003 1949 1033 2007 in
1055 1958 1111 2024 quo
1126 1937 1175 2014 ip'ti

179 2042 281 2112 patet,
303 2050 421 2110 semper
445 2033 473 2094 id
494 2035 605 2092 seruari
626 2049 683 2091 uon
698 2048 803 2109 posse:
827 2029 930 2092 Liberi
941 2039 1096 2110 parentes
1108 2021 1177 2084 olunt

187 2127 241 2178 out
260 2118 456 2186 vinolentum
483 2117 631 2176 nonenim
652 2115 817 2192 alligabitur
845 2114 948 2174 inians.
1002 2113 1058 2174 Hic
1077 2109 1128 2169 erit
1150 2097 1176 2158 ud

187 2201 243 2261 alia
263 2201 416 2275 transitus,
443 2209 472 2260 et
494 2201 613 2276 divisio,
635 2198 709 2258 Num
733 2199 861 2276 quisquis
883 2215 940 2258 uon
965 2191 1095 2258 aluerit?
1125 2198 1175 2245 nun

158 2281 255 2348 thio?
290 2283 458 2362 Proponunt
471 2283 585 2362 quidam
601 2284 659 2345 tale
674 2299 767 2360 genus
783 2285 1065 2356 controversiarum,
1088 2279 1114 2336 iu
1132 2279 1176 2346 <1¹¹⁰

187 2365 294 2426 nulium
316 2376 512 2444 argumentum
536 2377 596 2442 est,
616 2367 692 2445 quod
710 2384 747 2426 ex
762 2365 830 2443 iege
844 2367 908 2444 ipsa
923 2367 983 2444 peti
1008 2363 1116 2445 possit,
1135 2345 1174 2410 sed

188 2450 224 2509 de
241 2465 277 2508 eo
295 2457 418 2525 tantum,
437 2449 473 2509 de
489 2467 547 2527 quo
563 2450 598 2509 lis
615 2459 675 2526 est,
692 2449 886 2529 quaerendum
902 2452 948 2509 sit.
994 2441 1175 2524 Perennem

185 2536 215 2594 si
238 2551 357 2594 monum
377 2533 567 2612 ascenderit,
589 2536 689 2614 ecpite
705 2535 863 2613 puniatur.
908 2531 983 2594 Cum
1004 2535 1105 2594 nostes
1122 2533 1173 2580 ml·

188 2635 258 2678 rum
272 2618 499 2695 ascendissent,
514 2621 698 2698 peroptimos
713 2635 765 2679 eos
779 2618 914 2696 (ispalim
932 2619 1050 2696 petitur
1063 2611 1105 2673 ed
1118 2615 1174 2700 otti·

160 2705 177 2760 t
186 2703 321 2780 plinium.
356 2699 421 2760 Nou
433 2711 516 2762 erunt
532 2702 579 2762 hic
593 2711 745 2781 separatae
762 2703 964 2780 quaestiones,
984 2700 1030 2759 An
1041 2679 1174 2777 quisunt?

189 2803 225 2844 an
245 2781 313 2844 hio?
336 2787 402 2863 quia
424 2785 532 2845 nullum
552 2795 650 2864 potest
668 2785 765 2845 afferri
785 2795 983 2862 argumentum
998 2789 1098 2844 eontra
1117 2781 1172 2830 scu

189 2877 268 2945 ptum
284 2868 482 2928 vehementius
501 2886 553 2944 eo,
571 2869 648 2947 quod
665 2871 694 2928 in
712 2869 763 2928 lite
780 2879 838 2936 est;
860 2869 912 2928 sed
928 2869 985 2928 hoc
1001 2874 1120 2930 tantum,
1138 2848 1173 2908 M

189 2968 225 3009 ne
243 2951 403 3010 servandae
422 2952 535 3029 quidem
553 2953 675 3012 civitatis
692 2949 801 3012 causa?
836 2951 917 3030 Ergo
934 2954 1079 3030 aequitate
1094 2947 1121 3000 ei
1133 2945 1171 2990 Ψ

190 3033 298 3092 luntute
320 3035 512 3112 pugnandum.
553 3034 630 3095 Fieri
647 3045 742 3096 tamen
758 3044 872 3114 potest,
898 3045 929 3096 ut
944 3054 981 3095 cx
996 3034 1060 3095 aliis
1075 3017 1172 3117 legibut

188 3116 324 3195 exempla
340 3117 493 3198 ducamus,
515 3137 568 3196 per
588 3137 663 3197 quae
681 3127 836 3197 appareat,
859 3137 975 3196 semper
996 3115 1063 3178 atari
1078 3103 1170 3192 sor¹Pff⁰

160 3209 247 3264 finon
271 3217 376 3278 posse,
399 3211 430 3260 nt
452 3199 556 3262 Cicero
573 3220 626 3280 pro
643 3201 768 3263 Caecina
787 3203 867 3263 iecit.
912 3201 1054 3275 Tertium,
1076 3203 1133 3254 oum
1149 3191 1171 3236 ¹¹¹

189 3286 261 3364 ipsis
288 3284 386 3344 verbis
410 3285 485 3362 legis
512 3287 672 3365 reperimus
697 3286 821 3364 aliquid,
849 3305 903 3365 per
924 3286 1002 3364 quod
1022 3277 1166 3363 protenus

189 3367 266 3429 aliud
287 3368 509 3446 legumlatorem
531 3370 677 3446 voluisse,
702 3379 733 3428 ut
756 3372 785 3429 in
807 3366 1094 3430 haccontrouersia:
1121 3339 1169 3420 0⁸⁸⁵

186 3459 278 3513 necte
290 3471 358 3516 cnm
367 3455 454 3534 ferro
465 3455 676 3534 deprenensus
687 3455 797 3535 fucrit,
813 3455 966 3537 cillentur.
1010 3426 1169 3514 censentit
