2470 3962
205 219 268 282 218
525 227 655 277 unm
666 229 888 289 unumunurn

206 403 308 445 earn
324 385 385 444 oris
399 393 430 444 et
445 401 510 444 c-
523 381 624 443 mats
638 383 701 442 nnis
715 382 892 442 eollncntio.
914 380 975 444 lam
988 384 1092 444 tussire
1107 390 1134 444 et
1147 401 1191 446 ex·

205 487 297 548 prere
314 467 422 528 antro
436 477 466 527 et
480 466 519 527 ab
534 469 592 527 ἰο
607 466 745 544 phone
758 465 888 544 punto·
903 465 1045 526 trochleis
1058 465 1191 528 adducere

205 561 236 612 et
253 553 314 611 oris
329 551 451 612 hore
470 551 620 630 proxi-os
634 567 777 628 spargare
792 557 823 608 et
835 549 974 608 maiorem
988 558 1098 628 partem
1117 553 1192 630 spiri·

203 645 251 694 tas
272 633 816 713 inloqnendopernnresehdern,
837 631 1021 694 etiamsinon
1042 634 1192 712 ntiquero·

204 721 248 778 eis
263 727 329 778 snt
343 719 424 792 νὴ
439 719 745 796 quinta-europem
754 731 859 776 rocem
869 716 1014 793 recidunt,
1027 717 1192 796 potissimum

159 802 271 862 siluis
291 802 362 862 loeo
375 800 570 861 anm.
601 799 662 860 set
678 798 872 879 quodcunque
886 817 925 860 ex
938 799 985 860 lis
999 799 1098 860 vitium
1111 803 1193 878 magis

202 885 316 945 ruteni·
338 902 440 964 qm,
469 901 527 963 qno
543 901 619 942 nnn
637 881 762 943 maxime
780 881 928 943 lalroratnr
949 884 978 943 in
997 885 1092 944 causis
1114 885 1193 948 omni·

202 968 258 1026 loss
274 966 462 1046 scholisque,
482 966 632 1042 mnndi,
653 966 732 1046 qnod
748 966 873 1026 mutilim
892 967 981 1028 sitan
1000 965 1129 1044 foedius,
1149 985 1194 1028 ne·

202 1052 275 1110 scio.
307 1049 384 1124 Quid
400 1052 476 1109 enin
488 1053 581 1109 ninus
593 1051 703 1110 oraton·
719 1051 854 1110 conruit
868 1067 953 1128 quam
965 1047 1121 1114 modulatio
1136 1065 1194 1111 sce

200 1135 266 1193 nica
292 1142 323 1193 et
350 1150 552 1214 nonnunqum
578 1133 724 1193 ebrium
748 1142 797 1194 ant
823 1134 1036 1194 comissantium
1067 1133 1195 1195 licentiae
1217 1177 1219 1234 4

157 1215 324 1277 insimilisi
361 1215 438 1291 Quid
463 1234 537 1278 vero
558 1216 710 1277 mendis
737 1215 891 1277 affectibus
912 1219 1085 1278 contrariom
1109 1219 1194 1296 magis
1218 1243 1219 1252 ἢ

200 1318 301 1378 qum,
319 1319 384 1360 cn
400 1299 571 1375 dolendum,
589 1299 788 1375 manendam,
809 1299 1030 1377 indignandum,
1052 1303 1194 1362 commise-

198 1383 316 1442 random
331 1385 386 1459 sit,
401 1401 459 1444 non
474 1385 568 1444 solnm
584 1383 623 1444 ab
638 1383 685 1444 lris
699 1382 868 1458 affectibus,
888 1385 917 1442 in
933 1401 1009 1464 qnos
1024 1384 1195 1446 inducendos

198 1475 244 1524 est
258 1466 362 1540 iudex,
383 1467 528 1527 recedere
543 1466 598 1527 sed
612 1467 704 1546 ipsam
718 1467 775 1527 lori
790 1468 971 1528 sanctitatem
985 1468 1117 1530 ludorum
1131 1469 1195 1530 tala-

197 1549 270 1607 rinm
283 1548 401 1610 licentia
421 1547 562 1610 solvere?
594 1548 668 1610 llam
683 1549 789 1611 Cicero
803 1551 873 1612 illoc
885 1569 926 1613 ec
942 1549 1041 1630 [pota
1057 1557 1087 1614 ei
1104 1549 1197 1614 Corio

196 1631 338 1692 rictorus
357 1651 459 1710 poene
482 1629 614 1695 eonion
631 1636 666 1695 iss
686 1634 814 1714 epiloqiu
830 1633 911 1694 dixit
947 1633 1011 1696 llos
1028 1633 1115 1696 etiam
1135 1653 1196 1696 can·

152 1722 188 1776 95
196 1714 274 1775 tandi
286 1717 466 1778 severiorem
478 1717 566 1795 paulo
577 1716 693 1777 modum
704 1718 894 1777 excessimus.
922 1716 1130 1799 Quisquamne,
1144 1735 1196 1778 non

195 1798 262 1859 dico
283 1799 321 1858 de
343 1799 514 1876 homicidio,
537 1801 714 1878 sacrilegio,
743 1801 917 1880 parricidio,
940 1801 994 1862 sed
1016 1802 1056 1863 tie
1080 1799 1195 1864 coloniis

196 1891 278 1941 certe
294 1891 382 1961 atque
396 1881 573 1958 rationibus,
597 1885 747 1963 qnisquam
764 1884 908 1963 denique,
930 1893 961 1944 nt
980 1885 1075 1946 semel
1094 1885 1195 1960 liniam,

194 1965 223 2022 iu
236 1963 288 2023 lite
304 1963 421 2026 cantati
442 1965 567 2040 Quodsi
584 1969 699 2027 omnino
714 1967 915 2046 recipiendum
931 1977 993 2029 est:
1009 1967 1082 2030 nihil
1094 1985 1197 2030 causae

194 2057 249 2122 est,
266 2065 319 2106 cur
332 2065 390 2109 non
404 2049 483 2110 illam
498 2051 582 2110 vocis
596 2050 819 2110 modulationem
835 2050 940 2112 iidibns
955 2069 991 2112 ac
1006 2049 1096 2130 tibiis,
1116 2055 1197 2113 immo

191 2129 330 2206 hercule,
347 2133 425 2211 quod
441 2142 489 2193 est
502 2134 569 2194 hnic
583 2133 758 2194 deformitati
774 2135 904 2212 propius,
926 2133 1068 2210 cymbalis
1083 2133 1197 2198 adinre

148 2216 263 2272 fionius.
286 2213 419 2276 Facimus
435 2225 531 2276 tamen
546 2216 603 2277 lroc
619 2216 763 2287 libentem
780 2235 912 2278 namnec
928 2220 1062 2298 cuiqnam
1077 2229 1147 2281 sunt
1160 2220 1197 2278 iu·

191 2298 324 2372 iocunda,
343 2316 418 2377 qnae
435 2308 548 2359 cantant
563 2301 636 2378 ipsi,
653 2309 682 2361 et
696 2300 807 2362 laboris
821 2302 850 2360 in
864 2301 923 2362 hoc
937 2319 1022 2380 qnam
1039 2303 1070 2362 in
1085 2301 1197 2381 agendo

189 2380 281 2438 minus
305 2390 359 2439 est.
397 2383 468 2442 Sunt
487 2392 517 2442 et
538 2384 669 2460 qnidam,
697 2385 746 2464 qni
769 2385 926 2446 secundum
951 2385 1009 2446 alia
1031 2387 1113 2448 vitae
1135 2387 1196 2446 vitia

190 2461 275 2522 etinnr
296 2461 351 2522 hac
370 2463 479 2543 ubique
500 2466 649 2543 audiendi,
678 2467 756 2547 qnod
776 2486 869 2528 aures
883 2467 1024 2543 mulceat,
1047 2467 1197 2549 voluptate

189 2543 337 2605 ducantur.
370 2545 447 2621 Quid
469 2545 564 2627 ergo?
592 2567 650 2610 non
671 2548 913 2634 etcinerqdicit
935 2569 1004 2612 esse
1027 2551 1162 2632 aliquem
1175 2554 1219 2632 iu,

188 2630 320 2689 oratione
336 2639 460 2693 cantum
479 2634 711 2696 obscuri-iorem?
740 2643 771 2694 et
786 2634 844 2694 hoc
861 2635 985 2713 quodam
1002 2636 1132 2698 naturali
1153 2636 1188 2696 ini

188 2713 227 2769 tio
250 2709 350 2772 venit?
377 2711 534 2776 Ostendam
554 2734 613 2777 uon
635 2717 724 2778 multo
748 2728 831 2796 post,
854 2718 904 2778 ubi
920 2728 950 2778 et
965 2727 1112 2798 qnatenus
1128 2719 1198 2781 reci·

187 2794 310 2871 piendus
327 2798 363 2855 sit
379 2796 427 2858 hic
442 2798 537 2860 ilexns
560 2809 590 2859 et
610 2809 711 2861 cantus
731 2799 846 2881 quidem
867 2803 936 2877 aed,
961 2802 1039 2880 qnod
1062 2803 1199 2882 plerique

187 2877 353 2955 intelligere
370 2881 485 2960 nolunt,
503 2882 656 2943 obscuri
663 2901 711 2944 or.

142 2967 176 3021 61
268 2961 328 3021 loun
344 2964 419 3022 eninr
433 2973 548 3044 tempus
563 2975 609 3026 est
628 2966 758 3043 dicendi,
781 2985 855 3046 qnae
873 2969 910 3028 sit
926 2977 1012 3047 apta
1027 2970 1199 3047 pronuntia-

186 3044 235 3103 tio.
273 3043 355 3118 Quae
377 3056 457 3107 certe
483 3067 519 3108 ea
540 3058 602 3125 est,
624 3067 700 3129 qnae
723 3052 772 3125 iis,
797 3052 835 3112 de
857 3051 958 3130 quihus
979 3052 1126 3129 dicimus,
1155 3069 1200 3113 ao·

187 3127 393 3188 commodatur.
425 3129 510 3204 Quod
533 3132 648 3210 quidem
671 3135 793 3195 maxima
811 3153 850 3195 ex
872 3143 953 3214 parte
972 3145 1130 3214 praestant
1146 3135 1202 3214 ipsi

54 3269 58 3274 ,
185 3212 466 3289 nomannorum,
485 3224 627 3295 sonatque
643 3233 719 3292 vox,
736 3216 898 3285 otientur:
920 3219 974 3280 sed
989 3236 1054 3280 cum
1072 3221 1135 3280 sint
1153 3217 1203 3278 alii

184 3295 247 3353 veri
262 3295 401 3371 allectus,
430 3296 477 3357 alii
499 3297 558 3359 ficti
576 3309 605 3359 et
620 3301 733 3360 inuitati:
763 3301 827 3361 veri
843 3301 1011 3363 naturaliter
1027 3309 1201 3382 erumpunt,

184 3383 214 3433 ut
237 3376 411 3454 dolentium,
435 3381 636 3459 irascentium,
667 3383 888 3460 indignantium,
921 3385 974 3445 sed
1000 3395 1107 3446 carent
1137 3393 1202 3445 arte

139 3454 308 3535 onideoque
332 3471 396 3520 suut
416 3461 568 3542 disciplina
590 3473 620 3524 et
634 3467 746 3526 ratione
763 3467 914 3529 formandi.
945 3465 1053 3528 Goutra
1078 3471 1135 3548 qui
1159 3466 1202 3528 el·
