2494 3952
358 179 448 232 umor.
461 179 610 228 aaaron.
623 181 691 228 ure.
705 181 739 247 rr,
757 180 782 231 5.
795 179 822 232 o.
1016 168 1068 230 181

59 345 135 416 pter
152 335 231 414 quod
252 333 371 410 accidit,
387 344 418 394 ut
432 353 487 395 nec
499 351 553 396 ,suo
570 333 638 394 ioco
653 334 780 414 quidque
797 337 935 415 ponatur,
955 354 1011 398 neo
1025 337 1075 397 illa

61 437 143 500 quae
172 419 264 498 prima
289 425 354 478 sunt
374 429 494 480 seruent
522 435 602 478 suam
628 418 740 496 legem,
762 419 912 481 iuvenibus
937 420 1099 482 flosculos

60 505 194 564 omnium
208 503 331 582 partium
352 503 380 562 in
404 520 531 582 eaquae
547 511 611 562 suut
633 501 736 574 dicturi
752 503 993 581 congerentrirus3
1018 521 1076 583 quo

62 590 107 664 iit,
127 596 159 648 ut
171 585 320 662 ‘timentem
336 603 373 646 ue
391 588 544 665 sequentia
556 587 695 666 perdant,
711 588 809 665 priora
827 588 1011 650 confundant.

431 739 474 790 Du
495 737 720 790 COGITATIONE.

154 831 206 894 vl.
236 833 370 895 Proxima
393 835 460 895 stiio
484 837 665 914 cogitatio
689 845 750 911 est,
775 853 848 914 quae
876 838 982 915 etipsa
998 835 1077 895 vires

63 919 102 978 ab
115 917 176 978 hoc
188 917 305 996 accipit,
327 927 430 1001 eatque
443 921 516 979 inter
528 918 672 982 scribendi
689 919 820 980 laborem
835 918 1076 999 extemporalem-

65 1021 125 1081 que
143 1000 287 1064 fortunam
302 1002 396 1064 media
419 1004 559 1082 quaedam
582 1012 611 1064 et
637 1005 737 1064 nescio
760 1021 795 1064 an
819 1022 888 1064 usus
904 1004 1088 1081 frequentis·

23 1097 28 1108 ·
64 1089 142 1146 sirmi.
173 1083 245 1146 Nam
266 1085 396 1146 scribere
413 1105 467 1146 nec
485 1087 592 1165 ubique
607 1105 662 1148 uec
678 1105 794 1166 semper
811 1102 979 1166 possumus;
997 1088 1077 1164 cogi·

65 1171 171 1230 dationi
187 1171 325 1247 temporis
343 1188 378 1230 ac
393 1170 452 1230 loci
467 1171 617 1248 plurimum
634 1180 688 1232 est.
720 1170 799 1231 Haec
812 1174 912 1249 paucis
928 1170 1078 1231 admodum
1099 1167 1108 1182 ’

66 1255 150 1317 horis
172 1271 291 1330 magnas
317 1255 401 1314 etiam
425 1271 528 1316 causas
545 1255 760 1332 complectitur3
774 1253 865 1330 haec,
883 1256 1017 1332 quotiens
1036 1255 1077 1312 in-

68 1338 221 1397 termissus
240 1344 284 1394 est
300 1354 433 1413 somnus,
456 1338 527 1417 ipsis
549 1340 643 1398 noctis
666 1336 793 1398 tenebris
815 1338 976 1405 adiuvatur:
1004 1337 1077 1397 haec

69 1419 272 1482 intermedius
289 1437 385 1481 rerum
401 1430 482 1481 actus
499 1422 607 1500 aliquid
623 1423 730 1481 invenit
746 1423 829 1481 vacui
852 1439 907 1481 nec
924 1423 1011 1481 otium
1027 1437 1076 1499 pa·

67 1507 146 1565 titur.
196 1500 299 1582 Neque
320 1522 391 1564 vero
412 1523 508 1565 rernm
529 1506 658 1565 ordinem
676 1505 780 1580 modo,
804 1505 881 1584 quod
899 1505 991 1584 ipsum
1007 1505 1106 1569 satist

12 1663 14 1668 Ι
69 1579 152 1663 er‘at,
175 1588 248 1647 intra
263 1605 296 1646 se
312 1589 374 1666 ipsa
393 1589 533 1667 disponit,
553 1588 606 1649 sed
627 1589 717 1649 verba
736 1591 821 1648 etiam
838 1589 957 1668 copulat
975 1597 1076 1649 totam·

12 1671 13 1674 ’
67 1691 127 1752 que
143 1674 183 1732 ita
200 1672 328 1731 contexit
343 1676 520 1748 orationem,
543 1683 573 1733 ut
597 1674 623 1732 ei
640 1672 710 1733 nihii
727 1681 846 1750 praeter
860 1691 974 1732 manum
990 1672 1075 1732 desit.
1154 1685 1160 1697 '

66 1755 142 1815 Nam
162 1755 320 1830 memoriae
340 1774 456 1835 quoque
483 1756 653 1836 plerumque
682 1757 830 1816 inhaerent
852 1756 980 1833 fidelius,
1003 1773 1077 1835 quae

68 1839 148 1900 nuilla
167 1837 313 1899 scribendi
329 1842 486 1900 securitate
506 1839 648 1902 laxantur.

13 1979 14 1984 ,
156 1921 215 1984 Sed
236 1940 273 1982 ne
297 1923 333 1983 ad
354 1924 427 1984 hanc
450 1924 565 2002 quidem
584 1925 642 1983 vim
656 1922 802 2000 cogitandi
817 1923 963 2002 perueniri
980 1931 1078 2000 potest
1146 1951 1150 1962 ··

12 2041 13 2050 ι
70 2015 119 2068 aut
133 2004 229 2066 subito
247 2014 295 2070 aut
311 2007 378 2066 cito.
414 2005 486 2068 Nam
507 2010 627 2086 primunr
644 2007 776 2068 iacienda
793 2006 885 2066 multo*
898 2005 966 2066 stilo
983 2005 1103 2070 formae
1134 2047 1151 2062 „

69 2099 133 2166 eet,
158 2107 231 2168 quae
248 2107 302 2150 nos
324 2091 409 2152 etiam
434 2093 596 2170 cogitantes
627 2099 779 2170 sequatur:
804 2099 863 2150 tom
890 2090 1077 2150 assumendus

12 2167 14 2172 ’
69 2192 140 2234 usus
157 2173 309 2252 paulatim,
328 2183 359 2234 ut
375 2191 469 2254 pauca
484 2177 605 2254 primum
623 2174 851 2252 complectamur
866 2175 977 2247 auimo,
1002 2173 1077 2253 quiae

69 2257 153 2318 reddi
171 2257 296 2318 fideliter
310 2260 440 2336 possiut;
463 2277 531 2319 mox
555 2277 609 2337 per
632 2261 807 2320 incrementa
823 2266 880 2318 tam
895 2257 1024 2332 modica,
1047 2266 1077 2317 ut
1182 2298 1184 2301 ψ

70 2343 188 2402 onerari
203 2359 236 2402 se
252 2340 335 2402 labor
350 2342 402 2403 ille
413 2360 471 2402 non
486 2344 602 2417 sentiat,
619 2341 749 2420 augenda
761 2343 804 2400 uis
822 2349 852 2400 et
867 2341 1077 2401 exercitatione

12 2467 13 2472 κ
71 2424 160 2486 muita
182 2425 353 2486 continenda
370 2436 425 2502 est,
443 2443 517 2504 quae
530 2427 647 2505 quidem
655 2427 779 2486 maxima
790 2443 828 2484 ex
839 2433 922 2503 parte
939 2425 1077 2484 memoria

73 2517 195 2570 constat.
228 2509 357 2588 Ideoquue
373 2510 595 2588 aliquantium
616 2509 696 2572 illum
712 2509 808 2571 locum
825 2507 983 2570 differenda
1001 2517 1076 2568 sunt.

12 2661 13 2664 Ἴ
71 2591 117 2654 Εο
131 2602 225 2654 tamen
239 2596 391 2672 peruenit,
408 2603 439 2654 ut
455 2596 501 2672 is,
515 2595 561 2656 cui
580 2612 637 2656 non
653 2591 819 2671 refragetur
836 2593 998 2669 ingeniare,
1017 2592 1104 2654 acri4

72 2674 167 2752 studio
183 2677 294 2737 adiutus
321 2686 428 2738 tantum
443 2687 658 2758 consequatur,
681 2685 713 2738 ιιι
733 2679 761 2736 ei
782 2685 838 2736 tam
854 2692 928 2754 quae
944 2676 1078 2752 cogitarit

12 2837 14 2840 Ι
74 2777 158 2838 quam
179 2779 253 2838 quae
274 2762 430 2852 scripserit·
448 2770 534 2842 atque
555 2761 707 2826 edidicerit
723 2762 755 2820 iu
778 2759 901 2820 diceudo
916 2759 1077 2820 iidemser·

73 2852 151 2906 vent.
184 2842 290 2906 Cicero
306 2854 388 2906 certe
405 2845 582 2908 arcanorum
590 2845 788 2907 Metrodorum
802 2843 955 2922 Scepsium
973 2851 1002 2904 et
1012 2841 1077 2903 Em-

23 2963 29 2976 ·
73 2927 170 3006 pylum
186 2927 329 2990 Rhodium
344 2938 568 3008 nostrorumque
581 2927 765 2990 Hortensium
788 2927 917 3005 tradidit,
938 2944 1012 3005 quae
1029 2943 1077 2988 co-

63 3012 248 3090 ¹gitauerant,
267 3013 304 3074 ad
319 3013 439 3074 verbum
456 3015 485 3073 in
500 3013 613 3092 agendo
629 3012 776 3074 retulisse.

160 3095 218 3156 Sed
234 3097 261 3156 si
273 3096 350 3157 iorte
366 3096 470 3176 aliquis
482 3099 556 3157 inter
571 3097 722 3158 dicendum
738 3094 879 3156 effulserit
895 3102 1106 3172 extemporud

78 3179 113 3238 iis
130 3178 224 3255 color,
242 3196 299 3240 non
314 3181 519 3258 superstitiose
532 3181 667 3258 cogitatis
680 3181 793 3240 demum
808 3188 853 3240 est
864 3176 1076 3238 inhaerendum.
1184 3245 1187 3253 Ι

77 3260 180 3340 Neque
196 3263 272 3323 enim
287 3272 397 3325 tautum
411 3263 519 3325 habent
532 3281 631 3340 curae,
648 3273 750 3325 utnon
767 3263 804 3322 sit
819 3261 928 3322 dandus
944 3269 974 3322 et
988 3260 1077 3321 [ontu-

77 3363 132 3405 nae
152 3345 246 3422 locus,
266 3365 329 3408 cum
343 3365 435 3426 saepe
454 3348 540 3408 etiam
553 3349 671 3427 scriptis
687 3365 722 3407 ea
737 3363 811 3426 quae
826 3345 921 3406 subito
933 3353 999 3407 nata
1014 3352 1079 3403 suut

76 3430 249 3491 inseruntur.
287 3431 417 3512 Ideoque
440 3440 531 3492 totum
552 3429 610 3494 hoc
633 3431 850 3494 exercitationis
871 3447 963 3508 genos
978 3429 1017 3488 ita
1036 3429 1077 3487 in·
