2494 3952
206 167 266 229 162
510 181 547 228 st.
570 179 649 227 sss.
672 179 893 238 qurunrnrsur

204 341 338 412 mantum
357 331 394 392 ab
415 331 473 392 illis
493 341 600 392 tantum
620 331 656 390 ab
677 331 796 392 Horatio
817 332 973 410 dissentio,
999 334 1048 412 qni
1067 333 1200 396 Lucilium

201 415 299 494 fluere
319 415 496 478 lutulentum
519 423 549 476 et
568 434 635 476 esse
650 415 786 494 aliquid,
809 416 892 494 quod
905 416 1010 478 tollere
1022 420 1136 496 possis,
1151 438 1201 499 pu·

202 508 252 560 tat.
293 499 365 558 Nam
380 498 503 559 eruditio
524 499 552 558 in
567 505 603 558 eo
616 499 686 558 mira
702 506 731 558 et
746 497 866 558 libertas
878 506 964 577 atque
981 499 1046 560 inde
1062 502 1204 562 acerbitas

203 592 233 643 et
256 581 427 644 abundantia
452 580 531 642 salis.
578 579 697 642 Multum
726 589 771 640 est
797 582 904 641 tersior
931 599 966 641 ac
996 601 1084 662 purus
1114 587 1205 664 magis

201 665 376 726 Horatius
404 674 448 741 et,
470 682 527 725 non
547 664 632 725 labor
655 664 717 724 eius
735 681 850 739 amore,
872 666 1059 745 praecipuus.
1088 664 1207 728 blultum

202 759 232 809 et
246 767 335 810 verae
351 748 464 828 gloriae
486 749 614 828 quamvis
638 765 694 807 uno
717 747 793 808 libro
811 747 965 807 Persius
985 751 1098 810 meruit.
1135 753 1208 811 Sunt

156 833 273 898 §balani
291 832 436 911 hodieque
453 840 482 891 et
499 832 548 911 qui
564 831 631 892 olim
643 828 870 890 nominabuntur.
898 829 1029 892 Alterum
1040 832 1111 893 illud
1123 835 1208 894 etiam

201 918 280 996 prius
298 917 404 976 satirae
419 933 513 994 genus
529 913 582 978 sed
604 932 661 974 non
676 913 740 975 sola
762 913 916 973 carminum
932 915 1074 975 varietate
1090 919 1208 976 mixtum

201 997 328 1059 condidit
343 997 545 1059 Terentius
560 997 693 1072 Varro,
718 998 762 1057 vir
779 995 974 1057 Romanorum
988 998 1208 1061 eruditissimus.

200 1081 341 1142 Plurimos
363 1081 410 1142 hic
433 1080 525 1142 libros
549 1090 578 1141 et
603 1079 787 1142 doctissimos
815 1081 996 1159 composuit,
1016 1084 1210 1160 peritissimus

200 1165 316 1242 linguae
342 1164 458 1225 Latinae
483 1173 512 1224 et
541 1165 633 1224 omnis
659 1165 834 1242 antiquitatis
861 1171 890 1224 et
915 1182 1011 1225 rerum
1033 1163 1210 1227 Graecarum

199 1258 430 1327 nostrarumque,
450 1249 515 1328 plus
532 1257 626 1308 tamen
641 1247 779 1307 scientiae
792 1245 951 1308 collaturas
968 1265 1052 1326 quant
1067 1248 1209 1328 eloquen-

157 1334 267 1398 96tiae.
305 1331 449 1392 lembus
474 1349 531 1391 non
555 1350 625 1391 sane
648 1349 664 1390 a
685 1329 820 1390 Romanis
843 1329 1008 1391 celebratus
1030 1341 1076 1391 est
1092 1342 1123 1391 nt
1140 1351 1208 1411 pro·

199 1417 291 1495 prium
311 1431 402 1494 opus,
425 1414 594 1494 quibusdam
616 1415 820 1493 interpositus;
842 1414 923 1473 cuius
939 1413 1084 1474 acerbitas
1098 1417 1127 1474 in
1144 1415 1208 1476 Ca·

198 1497 314 1574 tullo,
335 1496 533 1573 Bibaculo,
550 1496 724 1573 Horatio,
749 1513 910 1576 quanquam
930 1496 972 1557 illi
989 1497 1208 1576 epodos'inter·

198 1583 313 1656 veniat,
335 1582 509 1660 reperietur.
546 1580 585 1640 At
606 1579 822 1655 Lyricorum
843 1579 918 1639 idem
941 1579 1121 1641 Horatius
1145 1583 1209 1643 iere

199 1663 279 1724 solus
297 1663 356 1742 legi
373 1664 487 1742 dignus.
525 1661 597 1724 Nam
619 1673 648 1722 et
670 1665 792 1740 insurgit
815 1663 969 1742 aliquando
997 1672 1026 1724 et
1041 1663 1148 1742 plenus
1165 1677 1209 1726 est

195 1747 381 1808 iucunditatis
404 1757 433 1807 et
453 1748 565 1825 gratiae
587 1756 616 1806 et
635 1748 724 1806 variis
747 1747 846 1824 liguris
869 1756 897 1805 et
923 1746 1020 1807 verbis
1036 1747 1209 1810 felicissime

200 1830 303 1892 audax.
342 1833 373 1890 Si
397 1849 481 1910 quem
503 1832 629 1891 adiicere
647 1830 738 1904 velis,
760 1832 784 1889 is
802 1832 856 1889 erit
872 1827 1029 1890 Caesius
1047 1829 1207 1910 Bassus,

200 1933 285 1994 quem
300 1933 393 1994 nuper
405 1915 541 1982 vidimus;
565 1913 617 1974 sed
643 1931 707 1974 eum
729 1913 818 1991 longe
840 1913 1018 1991 praecedunt
1034 1915 1153 1991 ingenia
1169 1919 1209 1976 vi·

156 1999 332 2061 bivcntinm.
368 1996 608 2075 Tragoediae
631 1997 792 2075 scriptores
812 2005 943 2056 vetemm
963 1995 1092 2057 Attius
1120 2009 1209 2078 atque

198 2081 376 2142 Pacuvius
398 2081 549 2140 clarissimi
563 2081 706 2157 gravitate
721 2081 942 2156 sententiarum,
963 2078 1120 2140 uerborum
1137 2101 1208 2160 pon·

198 2165 285 2233 dere,
309 2165 481 2224 auctoritate
503 2173 702 2242 personarum.
738 2159 873 2225 Ceterum
892 2164 969 2223 nitor
993 2171 1022 2223 et
1044 2182 1158 2226 summa
1183 2170 1209 2226 in

199 2247 370 2309 excolendis
394 2246 532 2327 operibns
559 2264 658 2306 manus
679 2247 771 2324 magis
793 2246 885 2308 videri
907 2255 1006 2326 potest
1024 2251 1210 2327 temporibus

199 2349 283 2410 qnam
296 2331 368 2410 ipsis
386 2331 525 2391 defuisse.
565 2330 674 2389 Virinm
696 2338 790 2390 tamen
805 2329 885 2390 Attio
901 2331 967 2409 plus
982 2329 1134 2399 tribuitur;
1157 2333 1209 2394 Pa·

198 2416 310 2474 cuvium
331 2415 424 2474 videri
447 2413 624 2488 doctiorem,
649 2415 786 2491 quiesse
810 2413 889 2475 docti
910 2414 1063 2490 affectant,
1092 2416 1208 2476 volunt.

154 2496 254 2558 delam
276 2496 380 2556 Varii
404 2496 548 2572 Thyestes
572 2496 690 2556 cuilibet
715 2495 889 2557 Graecarum
910 2499 1072 2576 comparari
1094 2507 1207 2577 potest.

198 2577 319 2640 Ovidii
337 2579 439 2640 bledea
455 2579 567 2641 videtur
579 2580 646 2639 mihi
660 2580 826 2656 ostendere,
845 2589 980 2660 quantum
992 2580 1043 2641 ille
1057 2583 1105 2640 vir
1122 2600 1208 2661 prae·

198 2672 276 2725 stare
293 2665 437 2742 potuerit,
461 2665 485 2724 si
508 2665 624 2740 ingenio
645 2681 698 2722 suo
720 2665 864 2742 imperare
880 2682 963 2743 quam
978 2663 1135 2742 indulgere
1151 2685 1208 2726 nra·

197 2746 309 2807 luisset.
346 2745 453 2807 Eorum
477 2764 550 2825 quos
570 2747 690 2807 viderim
712 2746 801 2824 longe
824 2748 960 2826 princeps
982 2747 1209 2826 Pomponius
1229 2787 1230 2802 .

198 2829 407 2905 Secundus,
428 2848 513 2909 quem
532 2849 619 2890 senes
641 2829 755 2908 quidem
775 2847 874 2909 parum
897 2831 1037 2908 tragicum
1053 2832 1207 2909 putabant,

74 2927 96 2964 0
150 2917 190 2975 99
197 2913 359 2972 eruditione
374 2930 409 2972 ac
423 2915 517 2974 nitore
532 2923 683 2992 praestare
699 2913 917 2974 confitebantur.
953 2913 985 2974 ln
1011 2917 1209 2977 comoedia

181 2991 321 3054 'maxima
345 2995 551 3072 claudicamus,
568 2997 637 3058 licet
651 2995 745 3056 Varro
761 2994 883 3074 Musas,
904 2996 982 3057 Aelii
1000 2997 1125 3058 Stilonis
1142 3017 1208 3059 sen·

197 3079 302 3154 tentia,
325 3076 464 3142 Plautino
487 3079 563 3140 dicat
576 3098 714 3142 ammone
731 3081 890 3142 locuturus
907 3081 1020 3160 fuisse,
1048 3082 1077 3142 ra·
1094 3079 1210 3144 Latiae

195 3162 280 3241 loqui
304 3162 432 3238 uellent,
461 3162 532 3223 licet
557 3160 759 3224 Caecilium
791 3172 910 3224 veteres
937 3163 1068 3223 laudibus
1097 3165 1209 3241 ierant,

198 3245 269 3305 licet
285 3243 453 3306 Terentii
476 3247 585 3325 scripta
606 3246 641 3306 ad
657 3247 823 3326 Scipionem
838 3247 1005 3308 Africanum
1018 3246 1210 3314 referantur:

147 3377 150 3382 .
196 3345 272 3406 quae
288 3336 383 3390 tamen
404 3329 518 3389 suntin
541 3329 598 3390 boc
616 3348 726 3407 genere
746 3330 962 3407 elegantissima
982 3338 1011 3391 et
1024 3329 1091 3408 plns
1110 3331 1211 3391 adbuc

155 3411 343 3476 lothabitura
364 3413 492 3490 gratiae,
518 3414 550 3473 si
569 3415 641 3473 intra
659 3431 761 3473 versus
782 3416 928 3475 trimetros
949 3414 1110 3474 stetissent.
1151 3413 1229 3473 Vix¹
