2436 3956
168 195 209 258 80
490 201 849 262 amnemamnem

167 363 332 423 moriantur.
358 358 416 418 Vix
427 358 487 434 illa,
504 376 578 435 quae
588 353 768 434 πεποιημένα
778 363 894 430 νοιιιιι,
912 373 988 434 quae
1000 357 1168 422 exvoeibna
1205 395 1206 438 3

167 447 196 504 in
213 462 294 504 usum
309 443 436 520 receptis
453 457 627 519 quoeunque
641 439 727 500 modo
743 438 937 515 declinantur,
953 440 1040 500 nobis
1055 444 1170 520 permit-

167 531 268 603 timus,
285 525 381 604 qualia
395 533 460 584 sunt
470 523 632 586 Sallnlnra't
644 533 672 582 et
682 523 903 603 proscripturit
907 545 922 593 ;
939 533 1028 602 atque
1040 526 1172 587 laureati

126 608 518 759 tlttlaltblttllt
527 605 850 768 “talitatis
866 605 1102 765 illinitis.
1118 608 1172 752 sq

170 777 289 838 Graecis
304 767 596 847 decennovennales
609 790 667 834 non
679 771 756 833 bene
772 791 807 832 ae
823 773 894 832 dure
909 776 994 834 etiarn
1009 776 1174 852 iungemus}

169 879 217 939 qur
210 861 391 920 toleranter
407 859 506 918 videre
521 859 740 955 septentriones
756 856 893 916 videmur.

127 955 162 1011 34
252 941 296 1002 llo
318 943 409 1019 magis
435 943 601 1002 necessaria
624 936 871 1018 κατάχρησις,
900 957 984 1019 quarn
999 951 1084 1001 reete
1108 942 1172 1001 diei·

169 1044 230 1085 mus
249 1025 484 1100 abusionem,
503 1043 577 1122 quae
592 1041 650 1083 nou
664 1023 833 1094 habentibus
845 1039 948 1082 nomen
963 1041 1045 1083 suum
1058 1042 1172 1084 aesom-

168 1109 281 1184 modat,
305 1108 406 1187 quod
397 1126 426 1166 m
440 1110 573 1186 proximo
591 1116 650 1167 est:
674 1109 717 1167 sie

75 1195 78 1200 '
292 1223 335 1239 —-
356 1189 477 1270 Eqnnm
494 1194 599 1253 divino
615 1189 752 1252 Palladis
766 1197 836 1251 arte
848 1190 1034 1268 Aedificant,

127 1288 161 1342 35
171 1287 199 1336 et
214 1275 289 1355 apud
302 1275 443 1353 Tragicos
459 1273 576 1337 Etiam
590 1279 636 1338 lea
648 1276 771 1352 pardem
786 1282 815 1333 at
829 1282 913 1351 pater
928 1283 982 1332 est.
1014 1273 1101 1334 lllille
1113 1283 1172 1334 suat

169 1360 259 1420 haee:
279 1368 308 1418 et
322 1360 486 1420 acetabulo
501 1358 637 1438 quidquid
647 1356 769 1432 hebent,
787 1365 858 1416 etr
824 1357 959 1436 pyxides
975 1359 1172 1436 cuiuscunque

169 1443 307 1502 materiae
328 1450 408 1515 sunt,
427 1451 456 1500 ιι
467 1443 635 1520 parricida
657 1442 754 1500 matris
770 1457 887 1518 quoque
905 1450 952 1499 aut
967 1441 1064 1501 fratris
1087 1443 1171 1501 inter·

170 1527 274 1586 lector.
299 1523 585 1603 Diaeerueudumque
601 1533 646 1584 est
661 1524 718 1583 hoe
732 1533 822 1584 toturn
836 1541 853 1583 a
865 1524 1052 1584 translatione
1067 1543 1171 1601 genus,

171 1609 236 1686 quia
254 1607 354 1666 abusio
372 1615 436 1682 est,
457 1607 504 1668 uhi
520 1625 624 1667 nomen
640 1607 744 1675 deluit;
768 1607 934 1683 translatio,
951 1606 999 1667 ubi
1016 1607 1097 1667 aliud
1114 1609 1170 1668 luit.

170 1691 241 1750 Nam
257 1699 363 1768 poetae
380 1690 475 1764 solent
491 1691 610 1752 abusive
624 1692 708 1750 etiam
719 1693 747 1750 in
762 1691 806 1751 bis
818 1690 922 1766 rebus,
939 1691 1043 1769 quibua
1059 1693 1179 1751 nomina·

127 1783 223 1838 besua
240 1783 322 1850 sunt,
345 1774 446 1834 vieinis
471 1777 566 1853 potius
583 1776 637 1842 uti;
659 1775 736 1853 quad
757 1792 852 1835 rarum
873 1775 902 1834 in
916 1791 1005 1852 prosa
1021 1784 1075 1833 est.
1124 1775 1170 1834 llla

172 1874 289 1937 quoque
304 1857 417 1936 quidam
433 1853 623 1939 καταχρήσεις
637 1859 738 1918 volunt
755 1876 839 1933 esse,
859 1875 922 1918 oum
941 1875 995 1936 pro
1011 1859 1170 1918 temeritate

170 1943 269 2002 virtus
285 1949 332 2000 aut
348 1958 401 2019 pro
417 1942 528 2002 luxuria
543 1943 715 2002 liberalitas
728 1942 839 2001 dieitur.
882 1941 908 1999 Α
925 1941 1027 2018 quibus
1041 1958 1100 2018 ego
1115 1942 1170 2018 qui·

171 2025 236 2083 dem
252 2024 406 2092 dissentio;
429 2043 551 2103 namque
568 2025 596 2082 in
611 2023 654 2083 his
670 2042 728 2087 nou
744 2025 865 2086 vertum
880 2041 933 2102 pro
949 2025 1042 2084 verbo
1059 2027 1170 2102 ponitur

171 2106 223 2166 sed
245 2125 293 2165 res
316 2125 370 2184 pro
394 2127 454 2168 re.·
484 2108 587 2186 Neque
610 2108 685 2166 enim
711 2111 861 2186 quisquam
881 2116 960 2185 putat
980 2107 1123 2174 luxuriam
1146 2116 1170 2164 et

171 2189 371 2251 liberalitatem
387 2192 461 2252 idern
473 2188 652 2269 significem
668 2209 768 2251 verum
779 2191 823 2268 id,
840 2191 919 2270 quod
934 2193 985 2266 sit,
1002 2191 1076 2251 alius
1092 2191 1168 2250 liunu-

170 2275 240 2333 riam
257 2291 323 2332 esse
340 2274 408 2334 dieit
420 2276 492 2335 alius
511 2275 728 2352 liberalitatem,
745 2277 873 2354 quamvis
889 2276 981 2334 neutri
994 2273 1112 2335 dubium
1127 2275 1168 2345 sit,

170 2357 244 2418 haee
260 2373 327 2415 esse
342 2356 465 2418 diversa.

129 2447 162 2502 37
254 2439 395 2517 Superest
412 2459 449 2500 ex
463 2442 524 2516 his,
549 2459 624 2521 quae
645 2443 729 2504 aliter
748 2442 928 2541 significant,
947 2433 1168 2541 μετάληψις,

171 2523 199 2582 id
221 2531 266 2581 est
286 2525 489 2623 transumptio,
517 2543 591 2602 quae
613 2544 650 2585 ex
670 2528 728 2587 alio
750 2536 834 2625 tropo
852 2528 880 2585 in
898 2525 983 2585 alium
1003 2525 1086 2586 velut
1100 2528 1168 2585 viam

172 2613 315 2686 praestan
341 2616 369 2666 et
387 2608 549 2668 rarissimus
572 2618 600 2668 et
615 2611 737 2670 maxime
751 2610 925 2688 improprius
942 2607 1063 2669 Graecis
1081 2619 1168 2670 tamen

172 2690 369 2787 frequentior,
387 2693 434 2769 qui
450 2689 636 2754 Centaurum
654 2691 778 2752 Chirona
794 2702 834 2751 et
829 2708 972 2754 saaosos
986 2695 1108 2756 tenutas
1122 2685 1166 2767 νή·

172 2790 241 2843 σοις
255 2763 332 2844 θοὰς
347 2774 452 2835 dieunt.
496 2775 557 2835 Nos
574 2778 637 2854 quis
653 2777 742 2853 ierat,
765 2775 924 2850 siYerrem
939 2786 1089 2838 snemaut
1103 2776 1166 2836 Lae-

129 2855 238 2920 aelium
260 2857 381 2917 doctam
403 2860 602 2920 nominemus?
644 2858 697 2918 Est
722 2862 797 2919 enim
810 2858 914 2919 haee
904 2877 934 2918 un
948 2860 1104 2939 metalepsi
1124 2875 1165 2916 na·

152 2945 250 3013 tura,
270 2939 439 3016 utinterid,
459 2943 535 3020 quod
551 2943 736 3019 transfertur,
753 2945 790 3002 sit
804 2943 913 3003 medius
926 2943 1039 3022 quidam
1053 2943 1164 3020 gradus,

171 3020 272 3082 nihil
264 3037 327 3096 1pse
349 3025 514 3101 significans
531 3025 583 3085 sed
599 3025 743 3104 praebens
764 3028 925 3094 transitum
953 3043 1039 3104 quem
1058 3036 1165 3103 tropum

171 3111 262 3185 magis
288 3109 472 3184 alienamus,
494 3117 525 3168 ut
547 3108 656 3168 babere
676 3110 839 3184 videamur,
862 3126 947 3188 quam
967 3109 1059 3170 ullo
1050 3128 1079 3168 m
1102 3109 1163 3168 loeo

171 3190 377 3253 desideramus.
421 3190 494 3250 Nam
518 3191 546 3250 id
566 3193 628 3252 eius
650 3193 912 3271 frequentissimum
937 3191 1101 3270 exemplum
1125 3197 1163 3248 est

146 3270 270 3353 *aano,
294 3285 398 3351 eante,
420 3276 508 3343 diea-
531 3276 569 3334 ita
585 3295 679 3352 eane,
697 3279 777 3338 dieo.
819 3277 946 3336 Interest
963 3277 1085 3337 medium
1100 3269 1162 3332 illud

128 3363 267 3420 abeonae.
309 3358 373 3418 Neo
391 3359 518 3418 diutius
509 3377 538 3417 ur
553 3375 589 3418 eo
607 3360 788 3430 morandum
811 3360 879 3419 nihil
897 3361 971 3420 euim
987 3378 1055 3420 usus
1072 3357 1161 3418 admu-

172 3439 237 3500 dum
250 3442 337 3502 video
351 3443 421 3518 nisi,
445 3450 474 3500 ut
488 3441 566 3519 dixi,
588 3445 616 3503 iu
631 3443 742 3502 mediis.
