2470 3962
172 213 234 276 252
486 225 523 276 u.
541 223 859 284 sna.an1uu1n1nu1
908 241 915 254 ·

172 381 297 455 laboris,
315 397 401 459 quem
416 379 497 438 ferre
512 377 695 438 tendentibus
712 377 747 436 ad
765 377 959 456 eloquentiam
976 395 1106 438 necesse
1128 387 1185 456 est,

172 464 355 540 confugerint
379 461 510 524 adhaec
534 461 715 521 deverticula
740 461 880 522 desidiae.
917 458 1048 534 Quorsum
1071 461 1123 527 alii
1149 479 1185 522 se

171 547 208 608 ad
230 547 324 608 album
348 565 383 606 ac
410 546 543 606 rubricas
572 543 780 604 transtulerunt
804 553 833 605 et
860 544 1021 610 formularii
1047 544 1117 621 vel,
1154 554 1185 604 ut

172 629 278 691 Cicero
297 633 346 706 ait,
362 631 484 710 lepuleii
499 628 615 708 quidem
630 645 697 688 esse
714 627 890 704 maluerunt,
909 636 1045 706 tanquam
1062 627 1184 688 utiliora

129 715 316 792 lteligentes
333 731 383 789 ea,
400 729 523 814 quorum
538 709 631 773 solem
649 710 818 772 facilitatem
834 711 1046 791 sequebantur;
1070 711 1122 772 alii
1142 714 1183 792 pi·

170 800 275 876 gritiae
297 797 521 876 arrogantiore,
545 795 593 873 qui
614 794 709 856 subito
727 795 822 855 leonte
847 794 998 856 condeta'
989 797 1183 874 immissaque

171 881 277 958 barba,
300 881 391 942 veluti
411 879 618 960 despexissent
641 878 767 940 oratoria
789 887 965 960 praecepta,
989 878 1110 958 paulum
1131 879 1181 938 ali·

171 965 240 1045 quid
263 965 402 1025 sederunt
424 965 452 1024 iu
474 962 584 1040 scholis
601 961 880 1041 philosophantium,
906 970 935 1020 ut
953 961 1062 1024 deinde
1079 964 1109 1022 in
1132 980 1182 1041 pu·

170 1048 250 1109 blico
266 1049 375 1124 tristes,
392 1047 469 1108 domi
485 1045 617 1108 dissoluti
630 1053 780 1124 captarent
795 1047 997 1106 auctoritatem
1010 1054 1182 1124 contemptu

172 1141 346 1204 ceterorum.
373 1129 561 1209 Philosophia
574 1130 650 1190 enim
662 1129 790 1190 simulari
806 1137 921 1208 potest,
940 1129 1112 1208 eloquentia
1126 1146 1183 1189 uon

191 1223 279 1277 otest.
341 1221 342 1226 ’

170 1233 189 1296 p
508 1296 587 1348 l'l’llll
605 1295 835 1352 utsucntottttut.

252 1384 302 1445 lv.
332 1382 363 1442 ln
383 1381 483 1460 primis
497 1398 570 1442 uero
593 1380 740 1444 abundare
757 1380 847 1442 debet
864 1389 965 1443 orator
985 1380 1182 1458 exemplo·

170 1485 241 1528 runs
258 1467 370 1545 copia
396 1483 460 1526 oum
474 1474 606 1526 ueterum
621 1473 680 1526 tum
695 1465 780 1525 etiam
796 1481 953 1541 nouorum,
976 1466 1063 1526 adeo·
1078 1473 1109 1524 ut
1125 1482 1181 1525 nou

171 1550 319 1626 eomodo,
336 1565 412 1629 quae
429 1549 595 1627 conscripta
612 1556 676 1608 sunt
690 1546 819 1610 historiis
834 1557 882 1609 aut
897 1548 1082 1610 sermonibus
1099 1547 1182 1609 uelut

170 1652 225 1713 per
240 1650 340 1694 manus
361 1630 482 1709 tradita,
506 1647 641 1710 quaeque
657 1631 764 1694 cotidie
780 1640 919 1710 aguntur,
944 1632 1053 1694 debeat
1077 1649 1181 1707 nosse,

168 1735 269 1778 rerum
287 1735 323 1778 ne
344 1733 379 1776 ea
401 1715 532 1795 quidem,
563 1731 637 1794 quae
659 1723 723 1776 sunt
745 1734 761 1779 a
785 1715 956 1778 clarioribus
978 1717 1076 1796 poetis
1102 1716 1178 1789 licta,

142 1802 333 1880 nuegligere.
361 1798 433 1860 Nem
447 1798 498 1861 illa
512 1799 628 1878 quidem
645 1801 744 1878 priora
760 1809 807 1866 aut
822 1801 1053 1863 testimoniorum
1067 1809 1119 1862 aut
1137 1802 1179 1860 iu·

168 1885 328 1946 dicatorum
349 1883 481 1944 obtinent
504 1883 617 1952 locum;
645 1882 698 1944 sed
717 1883 792 1944 luaeo
813 1900 931 1963 quoque
952 1893 1001 1944 aut
1020 1884 1180 1946 vetustatis

168 1969 226 2030 lide
249 1978 308 2030 tuta
332 1977 397 2029 sunt
418 1976 466 2028 aut
487 1967 523 2028 ab
541 1966 703 2028 hominibus
726 1969 836 2045 maguis
857 1977 1084 2047 praeceptorum
1110 1969 1177 2026 loco

168 2051 235 2112 licta
250 2051 414 2112 creduntur.
447 2050 527 2112 Sciat
548 2066 620 2128 ergo
637 2067 722 2129 quam
736 2050 871 2130 plurima;
895 2051 972 2112 unde
991 2051 1078 2112 etiam
1101 2051 1177 2112 seni·

167 2135 220 2195 bus
242 2135 399 2197 auctoritas
421 2135 512 2194 maior
527 2143 589 2211 est,
613 2133 690 2213 quod
717 2134 800 2213 plura
822 2151 910 2195 nosse
930 2143 962 2195 et
981 2134 1094 2197 vidisse
1114 2151 1177 2193 ore·

167 2218 287 2296 duntur,
311 2219 389 2298 quod
406 2218 550 2279 Homerus
562 2218 798 2297 frequentissime
814 2227 946 2280 testatur.
978 2219 1039 2280 Sed
1056 2225 1177 2278 nonest

168 2301 352 2401 expectanda
368 2301 464 2362 ultimo
479 2310 579 2376 aetas,
596 2319 660 2362 oum
678 2301 771 2363 studia
787 2309 954 2380 praestent,
970 2311 1018 2378 ut,
1039 2309 1177 2382 quantum

169 2387 204 2446 ad
230 2386 425 2463 cognitionem
447 2387 574 2464 pertinet
600 2403 714 2461 rerum,
747 2387 833 2448 etiam
855 2385 1022 2508 praeteritis
1048 2384 1177 2446 saeculis

166 2470 277 2528 vixisse
294 2468 453 2528 uideamur.

284 2621 372 2681 QUAE
391 2619 465 2672 SINT
483 2619 580 2672 ARTIS
600 2620 793 2674 ΟΡιΑΤΟΡιΙΑΕ
811 2620 1057 2672 INSTRUMENTA.

250 2716 286 2776 V.
316 2716 397 2778 llaec
420 2726 503 2793 sunt,
523 2735 609 2797 vspureae
635 2735 682 2778 me
703 2717 881 2778 redditurum
901 2716 1111 2795 promiseram,
1135 2715 1175 2774 in·

166 2809 322 2861 stmmeuta
345 2819 402 2861 uon
418 2802 506 2877 artis,
528 2809 558 2860 ut
575 2801 689 2879 quidam
705 2809 894 2880 putaverunt,
923 2799 976 2861 sed
997 2799 1091 2878 ipsius
1110 2815 1176 2858 ora·

166 2884 249 2944 toris.
287 2883 368 2944 llaec
389 2902 468 2946 arma
483 2883 595 2946 habere
613 2884 649 2945 ad
665 2901 794 2960 manum,
818 2883 920 2944 horum
938 2883 1062 2944 scientia
1084 2880 1175 2943 debet

167 2985 235 3028 esse
250 2968 426 3044 succinctus,
443 2967 605 3030 accedente
620 2967 777 3030 verborum
793 2967 1008 3046 figurarumque
1026 2965 1107 3027 iacili
1124 2981 1174 3026 eo·

166 3052 213 3131 pia
237 3061 266 3112 et
288 3051 463 3112 inventionis
485 3053 598 3112 ratione
622 3060 652 3112 et
676 3050 850 3130 disponendi
872 3070 926 3113 usu
952 3059 981 3110 et
1010 3050 1171 3110 memoriae

166 3137 299 3197 firmitate
316 3143 345 3195 et
361 3135 484 3196 actionis
494 3135 597 3213 gnatia
621 3134 680 3200 Sed
695 3134 847 3215 plurimum
863 3153 901 3195 ex
911 3133 957 3195 his
968 3133 1049 3194 valet
1065 3131 1174 3194 animi

166 3218 415 3299 praestantia,
437 3235 522 3298 quam
536 3236 593 3280 nco
603 3219 832 3296 matusireugat
847 3237 903 3278 neo
924 3216 1097 3281 acclamatio
1113 3223 1172 3276 ter·

160 3311 230 3370 reat
255 3321 311 3363 nec
338 3303 513 3363 audientium
538 3303 698 3365 auotoritas
724 3302 799 3366 ultra
825 3301 951 3363 debitam
976 3300 1173 3362 reverentiam

136 3385 270 3450 ttardet.
308 3385 381 3447 Nam
402 3395 433 3446 ut
455 3385 644 3448 abominanda
668 3395 734 3447 sunt
759 3385 904 3446 contraria
926 3383 971 3445 luis
991 3385 1062 3446 vitia
1082 3381 1174 3444 coui-

166 3467 293 3545 dentiae,
311 3472 483 3544 temeritatis
493 3469 721 3550 ,improbitatis,
738 3471 939 3548 arrogantiae:
957 3469 996 3530 ita
1013 3468 1086 3530 citra
1102 3482 1173 3528 con·
