<?xml version="1.0" encoding="UTF-8"?>
<!DOCTYPE html PUBLIC "-//W3C//DTD XHTML 1.0 Transitional//EN"
    "http://www.w3.org/TR/xhtml1/DTD/xhtml1-transitional.dtd">
<html xmlns="http://www.w3.org/1999/xhtml" xml:lang="en" lang="en">
 <head>
  <title>
</title>
<meta http-equiv="Content-Type" content="text/html;charset=utf-8" />
  <meta name='ocr-system' content='tesseract 3.04.00' />
  <meta name='ocr-capabilities' content='ocr_page ocr_carea ocr_par ocr_line ocrx_word'/>
</head>
<body>
  <div class='ocr_page' id='page_1' title='image "./mfabiiquintilia04quingoog_0530.png"; bbox 0 0 2470 3962; ppageno 0'>
   <div class='ocr_carea' id='block_1_1' title="bbox 311 173 1065 263">
    <p class='ocr_par' dir='ltr' id='par_1_1' title="bbox 311 173 1065 263">
     <span class='ocr_line' id='line_1_1' title="bbox 311 173 1065 263; baseline 0.003 -29"><span class='ocrx_word' id='word_1_1' title='bbox 311 187 401 235; x_wconf 81' lang='lat' dir='ltr'><strong>nasu.</strong></span> <span class='ocrx_word' id='word_1_2' title='bbox 418 185 567 263; x_wconf 69' lang='lat' dir='ltr'><strong>cernon.</strong></span> <span class='ocrx_word' id='word_1_3' title='bbox 584 187 652 236; x_wconf 79' lang='lat' dir='ltr'><strong>nro.</strong></span> <span class='ocrx_word' id='word_1_4' title='bbox 668 187 729 256; x_wconf 79' lang='lat' dir='ltr'><strong>un,</strong></span> <span class='ocrx_word' id='word_1_5' title='bbox 749 186 773 236; x_wconf 89' lang='lat'><strong>1.</strong></span> <span class='ocrx_word' id='word_1_6' title='bbox 789 187 815 237; x_wconf 85' lang='lat' dir='ltr'><strong>u.</strong></span> <span class='ocrx_word' id='word_1_7' title='bbox 1004 173 1065 236; x_wconf 82' lang='lat'><strong>245</strong></span> 
     </span>
    </p>
   </div>
   <div class='ocr_carea' id='block_1_2' title="bbox 11 340 1156 1004">
    <p class='ocr_par' dir='ltr' id='par_1_2' title="bbox 11 340 1156 1004">
     <span class='ocr_line' id='line_1_2' title="bbox 61 340 1067 420; baseline -0.003 -17"><span class='ocrx_word' id='word_1_8' title='bbox 61 345 142 406; x_wconf 89' lang='lat' dir='ltr'><strong>tione</strong></span> <span class='ocrx_word' id='word_1_9' title='bbox 161 341 290 410; x_wconf 80' lang='lat' dir='ltr'><strong>difficilia</strong></span> <span class='ocrx_word' id='word_1_10' title='bbox 312 349 485 418; x_wconf 74' lang='lat' dir='ltr'>tractentur,</span> <span class='ocrx_word' id='word_1_11' title='bbox 507 341 704 403; x_wconf 90' lang='lat' dir='ltr'><strong>necessarium</strong></span> <span class='ocrx_word' id='word_1_12' title='bbox 720 350 774 402; x_wconf 89' lang='lat' dir='ltr'><strong>est.</strong></span> <span class='ocrx_word' id='word_1_13' title='bbox 808 340 880 402; x_wconf 89' lang='lat' dir='ltr'><strong>Nam</strong></span> <span class='ocrx_word' id='word_1_14' title='bbox 894 341 1067 420; x_wconf 78' lang='lat' dir='ltr'><strong>frequenter</strong></span> 
     </span>
     <span class='ocr_line' id='line_1_3' title="bbox 62 424 1066 504; baseline -0.003 -17"><span class='ocrx_word' id='word_1_15' title='bbox 62 428 151 489; x_wconf 88' lang='lat' dir='ltr'><strong>etiam</strong></span> <span class='ocrx_word' id='word_1_16' title='bbox 172 427 298 504; x_wconf 87' lang='lat' dir='ltr'><strong>optimae</strong></span> <span class='ocrx_word' id='word_1_17' title='bbox 321 443 427 492; x_wconf 82' lang='lat' dir='ltr'><strong>causae</strong></span> <span class='ocrx_word' id='word_1_18' title='bbox 448 425 559 486; x_wconf 77' lang='lat' dir='ltr'>similes</span> <span class='ocrx_word' id='word_1_19' title='bbox 581 433 646 484; x_wconf 92' lang='lat' dir='ltr'><strong>sunt</strong></span> <span class='ocrx_word' id='word_1_20' title='bbox 663 424 764 501; x_wconf 89' lang='lat' dir='ltr'><strong>malis,</strong></span> <span class='ocrx_word' id='word_1_21' title='bbox 790 433 820 485; x_wconf 88' lang='lat' dir='ltr'><strong>et</strong></span> <span class='ocrx_word' id='word_1_22' title='bbox 840 427 979 486; x_wconf 80' lang='lat' dir='ltr'><strong>innocens</strong></span> <span class='ocrx_word' id='word_1_23' title='bbox 999 442 1066 484; x_wconf 91' lang='lat' dir='ltr'><strong>reus</strong></span> 
     </span>
     <span class='ocr_line' id='line_1_4' title="bbox 11 507 1066 587; baseline -0.001 -17"><span class='ocrx_word' id='word_1_24' title='bbox 11 549 13 552; x_wconf 94' lang='lat'>-</span> <span class='ocrx_word' id='word_1_25' title='bbox 61 509 160 570; x_wconf 91' lang='lat' dir='ltr'><strong>multis</strong></span> <span class='ocrx_word' id='word_1_26' title='bbox 176 507 381 576; x_wconf 72' lang='lat' dir='ltr'><strong>verisimilibus</strong></span> <span class='ocrx_word' id='word_1_27' title='bbox 396 509 550 586; x_wconf 64' lang='lat' dir='ltr'><strong>premium</strong></span> <span class='ocrx_word' id='word_1_28' title='bbox 575 524 632 587; x_wconf 87' lang='lat' dir='ltr'><strong>quo</strong></span> <span class='ocrx_word' id='word_1_29' title='bbox 647 508 694 584; x_wconf 89' lang='lat' dir='ltr'><strong>iit,</strong></span> <span class='ocrx_word' id='word_1_30' title='bbox 718 516 748 570; x_wconf 89' lang='lat' dir='ltr'><strong>ut</strong></span> <span class='ocrx_word' id='word_1_31' title='bbox 767 508 869 573; x_wconf 89' lang='lat' dir='ltr'><strong>eadem</strong></span> <span class='ocrx_word' id='word_1_32' title='bbox 884 508 1006 578; x_wconf 82' lang='lat' dir='ltr'><strong>actionis</strong></span> <span class='ocrx_word' id='word_1_33' title='bbox 1021 526 1066 570; x_wconf 93' lang='lat' dir='ltr'><strong>ra·</strong></span> 
     </span>
     <span class='ocr_line' id='line_1_5' title="bbox 60 591 1065 672; baseline -0.001 -19"><span class='ocrx_word' id='word_1_34' title='bbox 60 595 143 656; x_wconf 90' lang='lat' dir='ltr'><strong>tione</strong></span> <span class='ocrx_word' id='word_1_35' title='bbox 158 591 359 657; x_wconf 80' lang='lat' dir='ltr'><strong>retentandus</strong></span> <span class='ocrx_word' id='word_1_36' title='bbox 375 593 428 668; x_wconf 88' lang='lat' dir='ltr'><strong>sit,</strong></span> <span class='ocrx_word' id='word_1_37' title='bbox 446 610 519 672; x_wconf 80' lang='lat' dir='ltr'><strong>qua,</strong></span> <span class='ocrx_word' id='word_1_38' title='bbox 541 592 566 652; x_wconf 89' lang='lat' dir='ltr'><strong>si</strong></span> <span class='ocrx_word' id='word_1_39' title='bbox 583 608 693 660; x_wconf 76' lang='lat' dir='ltr'><strong>croceus¹</strong></span> <span class='ocrx_word' id='word_1_40' title='bbox 708 601 798 654; x_wconf 83' lang='lat' dir='ltr'><strong>esset.</strong></span> <span class='ocrx_word' id='word_1_41' title='bbox 829 591 889 654; x_wconf 93' lang='lat' dir='ltr'><strong>lam</strong></span> <span class='ocrx_word' id='word_1_42' title='bbox 905 594 1065 654; x_wconf 86' lang='lat' dir='ltr'><strong>innumera·</strong></span> 
     </span>
     <span class='ocr_line' id='line_1_6' title="bbox 60 675 1065 755; baseline 0.001 -20"><span class='ocrx_word' id='word_1_43' title='bbox 60 676 132 739; x_wconf 88' lang='lat' dir='ltr'><strong>bilia</strong></span> <span class='ocrx_word' id='word_1_44' title='bbox 147 685 213 739; x_wconf 84' lang='lat' dir='ltr'><strong>sunt</strong></span> <span class='ocrx_word' id='word_1_45' title='bbox 230 675 314 738; x_wconf 89' lang='lat' dir='ltr'><strong>bonis</strong></span> <span class='ocrx_word' id='word_1_46' title='bbox 332 677 427 744; x_wconf 88' lang='lat' dir='ltr'><strong>causis</strong></span> <span class='ocrx_word' id='word_1_47' title='bbox 442 676 585 755; x_wconf 87' lang='lat' dir='ltr'><strong>malisque</strong></span> <span class='ocrx_word' id='word_1_48' title='bbox 605 675 781 752; x_wconf 89' lang='lat' dir='ltr'><strong>communia,</strong></span> <span class='ocrx_word' id='word_1_49' title='bbox 803 685 913 753; x_wconf 89' lang='lat' dir='ltr'><strong>testes,</strong></span> <span class='ocrx_word' id='word_1_50' title='bbox 939 675 1065 752; x_wconf 79' lang='lat' dir='ltr'>litterae,</span> 
     </span>
     <span class='ocr_line' id='line_1_7' title="bbox 61 758 1066 839; baseline 0.002 -19"><span class='ocrx_word' id='word_1_51' title='bbox 61 760 267 839; x_wconf 78' lang='lat' dir='ltr'><strong>suspiciones,</strong></span> <span class='ocrx_word' id='word_1_52' title='bbox 290 761 453 839; x_wconf 80' lang='lat' dir='ltr'><strong>opiniones.</strong></span> <span class='ocrx_word' id='word_1_53' title='bbox 485 758 550 828; x_wconf 86' lang='lat' dir='ltr'><strong>Non</strong></span> <span class='ocrx_word' id='word_1_54' title='bbox 572 759 658 823; x_wconf 89' lang='lat' dir='ltr'><strong>aliter</strong></span> <span class='ocrx_word' id='word_1_55' title='bbox 678 769 773 824; x_wconf 90' lang='lat' dir='ltr'><strong>autem</strong></span> <span class='ocrx_word' id='word_1_56' title='bbox 792 759 961 824; x_wconf 79' lang='lat' dir='ltr'><strong>verisimilia</strong></span> <span class='ocrx_word' id='word_1_57' title='bbox 983 777 1066 838; x_wconf 90' lang='lat' dir='ltr'><strong>quam</strong></span> 
     </span>
     <span class='ocr_line' id='line_1_8' title="bbox 60 843 1156 923; baseline 0 -20"><span class='ocrx_word' id='word_1_58' title='bbox 60 861 133 904; x_wconf 88' lang='lat' dir='ltr'><strong>vera</strong></span> <span class='ocrx_word' id='word_1_59' title='bbox 155 853 185 904; x_wconf 91' lang='lat' dir='ltr'><strong>et</strong></span> <span class='ocrx_word' id='word_1_60' title='bbox 200 843 405 911; x_wconf 77' lang='lat' dir='ltr'><strong>confirmantur</strong></span> <span class='ocrx_word' id='word_1_61' title='bbox 425 852 455 902; x_wconf 90' lang='lat' dir='ltr'><strong>et</strong></span> <span class='ocrx_word' id='word_1_62' title='bbox 469 843 650 912; x_wconf 82' lang='lat' dir='ltr'><strong>refelluntur.</strong></span> <span class='ocrx_word' id='word_1_63' title='bbox 686 843 891 923; x_wconf 80' lang='lat' dir='ltr'>Quapropter,</span> <span class='ocrx_word' id='word_1_64' title='bbox 914 853 944 906; x_wconf 90' lang='lat' dir='ltr'><strong>ut</strong></span> <span class='ocrx_word' id='word_1_65' title='bbox 959 863 1007 909; x_wconf 90' lang='lat' dir='ltr'><strong>res</strong></span> <span class='ocrx_word' id='word_1_66' title='bbox 1022 843 1065 907; x_wconf 84' lang='lat' dir='ltr'><strong>ie·</strong></span> <span class='ocrx_word' id='word_1_67' title='bbox 1154 886 1156 892; x_wconf 35' lang='lat' dir='ltr'><strong><em>s</em></strong></span> 
     </span>
     <span class='ocr_line' id='line_1_9' title="bbox 11 925 847 1004; baseline -0.002 -16"><span class='ocrx_word' id='word_1_68' title='bbox 11 995 13 998; x_wconf 54' lang='grc'><strong>,</strong></span> <span class='ocrx_word' id='word_1_69' title='bbox 59 937 123 1004; x_wconf 90' lang='lat' dir='ltr'><strong>ret,</strong></span> <span class='ocrx_word' id='word_1_70' title='bbox 140 926 275 990; x_wconf 85' lang='lat' dir='ltr'><strong>flectetur</strong></span> <span class='ocrx_word' id='word_1_71' title='bbox 291 928 384 990; x_wconf 88' lang='lat' dir='ltr'><strong>oratio</strong></span> <span class='ocrx_word' id='word_1_72' title='bbox 400 936 534 996; x_wconf 84' lang='lat' dir='ltr'><strong>manente</strong></span> <span class='ocrx_word' id='word_1_73' title='bbox 549 925 672 991; x_wconf 88' lang='lat' dir='ltr'><strong>honesta</strong></span> <span class='ocrx_word' id='word_1_74' title='bbox 687 928 847 996; x_wconf 83' lang='lat' dir='ltr'><strong>uoluntate.</strong></span> 
     </span>
    </p>
   </div>
   <div class='ocr_carea' id='block_1_3' title="bbox 118 1078 1009 1140">
    <p class='ocr_par' dir='ltr' id='par_1_3' title="bbox 118 1078 1009 1140">
     <span class='ocr_line' id='line_1_10' title="bbox 118 1078 1009 1140; baseline -0.004 -8"><span class='ocrx_word' id='word_1_75' title='bbox 118 1079 356 1134; x_wconf 71' lang='lat' dir='ltr'><strong>coonustatur</strong></span> <span class='ocrx_word' id='word_1_76' title='bbox 374 1079 517 1132; x_wconf 78' lang='lat' dir='ltr'><strong>cantoni</strong></span> <span class='ocrx_word' id='word_1_77' title='bbox 536 1079 651 1140; x_wconf 86' lang='lat' dir='ltr'><strong>QUIBUS</strong></span> <span class='ocrx_word' id='word_1_78' title='bbox 669 1079 777 1134; x_wconf 84' lang='lat' dir='ltr'>thRES</span> <span class='ocrx_word' id='word_1_79' title='bbox 796 1078 1009 1136; x_wconf 74' lang='lat' dir='ltr'><strong>FORMANTUR.</strong></span> 
     </span>
    </p>
   </div>
   <div class='ocr_carea' id='block_1_4' title="bbox 48 1180 1116 2852">
    <p class='ocr_par' dir='ltr' id='par_1_4' title="bbox 48 1180 1116 2852">
     <span class='ocr_line' id='line_1_11' title="bbox 145 1180 1066 1259; baseline -0.003 -17"><span class='ocrx_word' id='word_1_80' title='bbox 145 1180 182 1242; x_wconf 91' lang='lat'><strong>11.</strong></span> <span class='ocrx_word' id='word_1_81' title='bbox 214 1181 337 1256; x_wconf 72' lang='lat' dir='ltr'><strong>Quando</strong></span> <span class='ocrx_word' id='word_1_82' title='bbox 360 1182 447 1258; x_wconf 81' lang='lat' dir='ltr'><strong>igitur</strong></span> <span class='ocrx_word' id='word_1_83' title='bbox 463 1191 561 1242; x_wconf 90' lang='lat' dir='ltr'><strong>orator</strong></span> <span class='ocrx_word' id='word_1_84' title='bbox 577 1190 623 1242; x_wconf 88' lang='lat' dir='ltr'><strong>est</strong></span> <span class='ocrx_word' id='word_1_85' title='bbox 637 1183 682 1248; x_wconf 85' lang='lat' dir='ltr'><strong>vir</strong></span> <span class='ocrx_word' id='word_1_86' title='bbox 697 1181 808 1259; x_wconf 91' lang='lat' dir='ltr'><strong>bonus,</strong></span> <span class='ocrx_word' id='word_1_87' title='bbox 835 1182 860 1248; x_wconf 82' lang='lat' dir='ltr'><strong>is</strong></span> <span class='ocrx_word' id='word_1_88' title='bbox 881 1189 977 1244; x_wconf 90' lang='lat' dir='ltr'><strong>autem</strong></span> <span class='ocrx_word' id='word_1_89' title='bbox 994 1182 1066 1242; x_wconf 87' lang='lat' dir='ltr'><strong>citra</strong></span> 
     </span>
     <span class='ocr_line' id='line_1_12' title="bbox 51 1264 1064 1348; baseline 0 -24"><span class='ocrx_word' id='word_1_90' title='bbox 51 1267 196 1348; x_wconf 81' lang='lat' dir='ltr'><strong>¹virtutem</strong></span> <span class='ocrx_word' id='word_1_91' title='bbox 211 1265 335 1342; x_wconf 76' lang='lat' dir='ltr'><strong>intelligi</strong></span> <span class='ocrx_word' id='word_1_92' title='bbox 353 1282 410 1326; x_wconf 91' lang='lat' dir='ltr'><strong>non</strong></span> <span class='ocrx_word' id='word_1_93' title='bbox 426 1273 539 1344; x_wconf 89' lang='lat' dir='ltr'><strong>potest;</strong></span> <span class='ocrx_word' id='word_1_94' title='bbox 560 1266 670 1341; x_wconf 85' lang='lat' dir='ltr'><strong>virtus,</strong></span> <span class='ocrx_word' id='word_1_95' title='bbox 687 1266 800 1331; x_wconf 88' lang='lat' dir='ltr'><strong>etiamsi</strong></span> <span class='ocrx_word' id='word_1_96' title='bbox 817 1265 957 1345; x_wconf 88' lang='lat' dir='ltr'><strong>quosdam</strong></span> <span class='ocrx_word' id='word_1_97' title='bbox 975 1264 1064 1342; x_wconf 93' lang='lat' dir='ltr'><strong>impe·</strong></span> 
     </span>
     <span class='ocr_line' id='line_1_13' title="bbox 58 1348 1064 1427; baseline -0.003 -17"><span class='ocrx_word' id='word_1_98' title='bbox 58 1359 107 1410; x_wconf 84' lang='lat' dir='ltr'><strong>tur</strong></span> <span class='ocrx_word' id='word_1_99' title='bbox 124 1367 163 1410; x_wconf 90' lang='lat' dir='ltr'><strong>ex</strong></span> <span class='ocrx_word' id='word_1_100' title='bbox 177 1355 282 1412; x_wconf 87' lang='lat' dir='ltr'><strong>natura</strong></span> <span class='ocrx_word' id='word_1_101' title='bbox 293 1350 392 1424; x_wconf 86' lang='lat' dir='ltr'><strong>sumit,</strong></span> <span class='ocrx_word' id='word_1_102' title='bbox 417 1357 514 1410; x_wconf 89' lang='lat' dir='ltr'><strong>tamen</strong></span> <span class='ocrx_word' id='word_1_103' title='bbox 528 1348 706 1427; x_wconf 83' lang='lat' dir='ltr'><strong>perficienda</strong></span> <span class='ocrx_word' id='word_1_104' title='bbox 727 1348 899 1411; x_wconf 91' lang='lat' dir='ltr'><strong>doctrina</strong></span> <span class='ocrx_word' id='word_1_105' title='bbox 919 1357 981 1414; x_wconf 88' lang='lat' dir='ltr'><strong>est:</strong></span> <span class='ocrx_word' id='word_1_106' title='bbox 1004 1365 1064 1418; x_wconf 87' lang='lat' dir='ltr'><strong>mo·</strong></span> 
     </span>
     <span class='ocr_line' id='line_1_14' title="bbox 57 1433 1064 1512; baseline -0.001 -20"><span class='ocrx_word' id='word_1_107' title='bbox 57 1451 108 1494; x_wconf 87' lang='lat' dir='ltr'><strong>res</strong></span> <span class='ocrx_word' id='word_1_108' title='bbox 125 1441 193 1494; x_wconf 89' lang='lat' dir='ltr'><strong>aute</strong></span> <span class='ocrx_word' id='word_1_109' title='bbox 209 1433 304 1498; x_wconf 83' lang='lat' dir='ltr'><strong>omnia</strong></span> <span class='ocrx_word' id='word_1_110' title='bbox 322 1433 432 1499; x_wconf 87' lang='lat' dir='ltr'><strong>oratori</strong></span> <span class='ocrx_word' id='word_1_111' title='bbox 455 1433 557 1500; x_wconf 82' lang='lat' dir='ltr'><strong>studiis</strong></span> <span class='ocrx_word' id='word_1_112' title='bbox 573 1441 656 1498; x_wconf 90' lang='lat' dir='ltr'><strong>eruut</strong></span> <span class='ocrx_word' id='word_1_113' title='bbox 672 1433 847 1507; x_wconf 74' lang='lat' dir='ltr'><strong>excolendi,</strong></span> <span class='ocrx_word' id='word_1_114' title='bbox 869 1441 956 1512; x_wconf 81' lang='lat' dir='ltr'><strong>atque</strong></span> <span class='ocrx_word' id='word_1_115' title='bbox 973 1433 1064 1495; x_wconf 83' lang='lat' dir='ltr'><strong>omnis</strong></span> 
     </span>
     <span class='ocr_line' id='line_1_15' title="bbox 56 1515 1065 1595; baseline -0.001 -18"><span class='ocrx_word' id='word_1_116' title='bbox 56 1517 176 1578; x_wconf 82' lang='lat' dir='ltr'><strong>honesti</strong></span> <span class='ocrx_word' id='word_1_117' title='bbox 192 1516 317 1595; x_wconf 86' lang='lat' dir='ltr'><strong>iustique</strong></span> <span class='ocrx_word' id='word_1_118' title='bbox 334 1515 488 1595; x_wconf 87' lang='lat' dir='ltr'><strong>disciplina</strong></span> <span class='ocrx_word' id='word_1_119' title='bbox 507 1517 729 1595; x_wconf 81' lang='lat' dir='ltr'><strong>pertractanda,</strong></span> <span class='ocrx_word' id='word_1_120' title='bbox 754 1518 816 1584; x_wconf 85' lang='lat' dir='ltr'><strong>¹sine</strong></span> <span class='ocrx_word' id='word_1_121' title='bbox 837 1533 892 1594; x_wconf 89' lang='lat' dir='ltr'><strong>qua</strong></span> <span class='ocrx_word' id='word_1_122' title='bbox 908 1531 994 1576; x_wconf 92' lang='lat' dir='ltr'><strong>nemo</strong></span> <span class='ocrx_word' id='word_1_123' title='bbox 1009 1533 1065 1576; x_wconf 89' lang='lat' dir='ltr'><strong>nec</strong></span> 
     </span>
     <span class='ocr_line' id='line_1_16' title="bbox 55 1599 1091 1680; baseline 0 -18"><span class='ocrx_word' id='word_1_124' title='bbox 55 1601 104 1663; x_wconf 82' lang='lat' dir='ltr'><strong>riu·</strong></span> <span class='ocrx_word' id='word_1_125' title='bbox 119 1599 214 1660; x_wconf 86' lang='lat' dir='ltr'><strong>bonus</strong></span> <span class='ocrx_word' id='word_1_126' title='bbox 230 1617 298 1660; x_wconf 87' lang='lat' dir='ltr'><strong>esse</strong></span> <span class='ocrx_word' id='word_1_127' title='bbox 317 1617 376 1660; x_wconf 90' lang='lat' dir='ltr'><strong>nec</strong></span> <span class='ocrx_word' id='word_1_128' title='bbox 390 1599 504 1666; x_wconf 85' lang='lat' dir='ltr'><strong>dicendi</strong></span> <span class='ocrx_word' id='word_1_129' title='bbox 521 1601 633 1680; x_wconf 84' lang='lat' dir='ltr'><strong>peritus</strong></span> <span class='ocrx_word' id='word_1_130' title='bbox 651 1609 758 1680; x_wconf 86' lang='lat' dir='ltr'><strong>potest.</strong></span> <span class='ocrx_word' id='word_1_131' title='bbox 791 1599 853 1661; x_wconf 87' lang='lat' dir='ltr'><strong>Nisi</strong></span> <span class='ocrx_word' id='word_1_132' title='bbox 879 1599 955 1662; x_wconf 85' lang='lat' dir='ltr'><strong>forte</strong></span> <span class='ocrx_word' id='word_1_133' title='bbox 977 1610 1091 1668; x_wconf 75' lang='lat' dir='ltr'><strong>acce-2</strong></span> 
     </span>
     <span class='ocr_line' id='line_1_17' title="bbox 56 1683 1064 1761; baseline -0.002 -16"><span class='ocrx_word' id='word_1_134' title='bbox 56 1685 151 1745; x_wconf 89' lang='lat' dir='ltr'><strong>dimus</strong></span> <span class='ocrx_word' id='word_1_135' title='bbox 167 1683 219 1759; x_wconf 88' lang='lat' dir='ltr'><strong>iis,</strong></span> <span class='ocrx_word' id='word_1_136' title='bbox 244 1685 292 1761; x_wconf 84' lang='lat' dir='ltr'><strong>qui</strong></span> <span class='ocrx_word' id='word_1_137' title='bbox 310 1691 410 1751; x_wconf 88' lang='lat' dir='ltr'><strong>natura</strong></span> <span class='ocrx_word' id='word_1_138' title='bbox 427 1692 563 1750; x_wconf 84' lang='lat' dir='ltr'><strong>constare</strong></span> <span class='ocrx_word' id='word_1_139' title='bbox 578 1698 676 1744; x_wconf 87' lang='lat' dir='ltr'><strong>mores</strong></span> <span class='ocrx_word' id='word_1_140' title='bbox 693 1683 810 1752; x_wconf 85' lang='lat' dir='ltr'><strong>etnihil</strong></span> <span class='ocrx_word' id='word_1_141' title='bbox 829 1683 958 1752; x_wconf 84' lang='lat' dir='ltr'><strong>adiuvari</strong></span> <span class='ocrx_word' id='word_1_142' title='bbox 978 1684 1064 1744; x_wconf 90' lang='lat' dir='ltr'><strong>disci·</strong></span> 
     </span>
     <span class='ocr_line' id='line_1_18' title="bbox 48 1766 1065 1847; baseline -0.002 -19"><span class='ocrx_word' id='word_1_143' title='bbox 48 1767 139 1847; x_wconf 60' lang='lat' dir='ltr'><strong>&gt;plina</strong></span> <span class='ocrx_word' id='word_1_144' title='bbox 155 1774 272 1845; x_wconf 87' lang='lat' dir='ltr'><strong>putant;</strong></span> <span class='ocrx_word' id='word_1_145' title='bbox 294 1766 410 1831; x_wconf 85' lang='lat' dir='ltr'><strong>scilicet</strong></span> <span class='ocrx_word' id='word_1_146' title='bbox 427 1775 460 1829; x_wconf 90' lang='lat' dir='ltr'><strong>ut</strong></span> <span class='ocrx_word' id='word_1_147' title='bbox 473 1785 525 1842; x_wconf 88' lang='lat' dir='ltr'><strong>aa,</strong></span> <span class='ocrx_word' id='word_1_148' title='bbox 549 1784 625 1846; x_wconf 78' lang='lat' dir='ltr'><strong>qaae</strong></span> <span class='ocrx_word' id='word_1_149' title='bbox 641 1785 725 1834; x_wconf 83' lang='lat' dir='ltr'><strong>mauu</strong></span> <span class='ocrx_word' id='word_1_150' title='bbox 744 1767 830 1843; x_wconf 86' lang='lat' dir='ltr'><strong>liunt,</strong></span> <span class='ocrx_word' id='word_1_151' title='bbox 855 1775 942 1846; x_wconf 86' lang='lat' dir='ltr'><strong>atque</strong></span> <span class='ocrx_word' id='word_1_152' title='bbox 964 1783 1065 1826; x_wconf 87' lang='lat' dir='ltr'><strong>eorum</strong></span> 
     </span>
     <span class='ocr_line' id='line_1_19' title="bbox 57 1849 1064 1930; baseline -0.002 -18"><span class='ocrx_word' id='word_1_153' title='bbox 57 1852 147 1912; x_wconf 88' lang='lat' dir='ltr'><strong>etiam</strong></span> <span class='ocrx_word' id='word_1_154' title='bbox 166 1851 415 1930; x_wconf 85' lang='lat' dir='ltr'><strong>contemptissima</strong></span> <span class='ocrx_word' id='word_1_155' title='bbox 441 1850 633 1918; x_wconf 77' lang='lat' dir='ltr'><strong>confiteantur</strong></span> <span class='ocrx_word' id='word_1_156' title='bbox 654 1869 745 1928; x_wconf 76' lang='lat' dir='ltr'><strong>egere</strong></span> <span class='ocrx_word' id='word_1_157' title='bbox 767 1849 953 1926; x_wconf 80' lang='lat' dir='ltr'><strong>doctoribus,</strong></span> <span class='ocrx_word' id='word_1_158' title='bbox 975 1850 1064 1910; x_wconf 80' lang='lat' dir='ltr'><strong>virtu-</strong></span> 
     </span>
     <span class='ocr_line' id='line_1_20' title="bbox 55 1933 1064 2014; baseline -0.005 -18"><span class='ocrx_word' id='word_1_159' title='bbox 55 1945 118 1996; x_wconf 89' lang='lat' dir='ltr'><strong>tem</strong></span> <span class='ocrx_word' id='word_1_160' title='bbox 134 1949 225 2010; x_wconf 85' lang='lat' dir='ltr'><strong>varo,</strong></span> <span class='ocrx_word' id='word_1_161' title='bbox 242 1949 298 2012; x_wconf 79' lang='lat' dir='ltr'><strong>qua</strong></span> <span class='ocrx_word' id='word_1_162' title='bbox 312 1933 384 1996; x_wconf 91' lang='lat' dir='ltr'><strong>nihil</strong></span> <span class='ocrx_word' id='word_1_163' title='bbox 398 1933 516 2010; x_wconf 89' lang='lat' dir='ltr'><strong>homiui,</strong></span> <span class='ocrx_word' id='word_1_164' title='bbox 535 1951 592 2013; x_wconf 87' lang='lat' dir='ltr'><strong>quo</strong></span> <span class='ocrx_word' id='word_1_165' title='bbox 610 1934 645 1994; x_wconf 92' lang='lat' dir='ltr'><strong>ad</strong></span> <span class='ocrx_word' id='word_1_166' title='bbox 661 1935 733 1994; x_wconf 89' lang='lat' dir='ltr'><strong>deos</strong></span> <span class='ocrx_word' id='word_1_167' title='bbox 749 1933 926 1999; x_wconf 86' lang='lat' dir='ltr'><strong>immortales</strong></span> <span class='ocrx_word' id='word_1_168' title='bbox 944 1933 1064 2014; x_wconf 86' lang='lat' dir='ltr'><strong>propius</strong></span> 
     </span>
     <span class='ocr_line' id='line_1_21' title="bbox 57 2017 1065 2095; baseline -0.001 -16"><span class='ocrx_word' id='word_1_169' title='bbox 57 2017 233 2092; x_wconf 88' lang='lat' dir='ltr'><strong>accederet,</strong></span> <span class='ocrx_word' id='word_1_170' title='bbox 256 2017 352 2084; x_wconf 84' lang='lat' dir='ltr'><strong>datum</strong></span> <span class='ocrx_word' id='word_1_171' title='bbox 374 2027 435 2095; x_wconf 87' lang='lat' dir='ltr'><strong>est,</strong></span> <span class='ocrx_word' id='word_1_172' title='bbox 459 2017 573 2088; x_wconf 82' lang='lat' dir='ltr'><strong>obuiam</strong></span> <span class='ocrx_word' id='word_1_173' title='bbox 595 2027 625 2078; x_wconf 90' lang='lat' dir='ltr'><strong>et</strong></span> <span class='ocrx_word' id='word_1_174' title='bbox 644 2017 843 2093; x_wconf 67' lang='lat' dir='ltr'><strong>illaboratum,</strong></span> <span class='ocrx_word' id='word_1_175' title='bbox 869 2026 976 2077; x_wconf 88' lang='lat' dir='ltr'><strong>tantum</strong></span> <span class='ocrx_word' id='word_1_176' title='bbox 999 2018 1065 2095; x_wconf 88' lang='lat' dir='ltr'><strong>quia</strong></span> 
     </span>
     <span class='ocr_line' id='line_1_22' title="bbox 56 2100 1065 2181; baseline -0.002 -19"><span class='ocrx_word' id='word_1_177' title='bbox 56 2103 118 2162; x_wconf 88' lang='lat' dir='ltr'><strong>nati</strong></span> <span class='ocrx_word' id='word_1_178' title='bbox 141 2101 246 2176; x_wconf 83' lang='lat' dir='ltr'><strong>simut,</strong></span> <span class='ocrx_word' id='word_1_179' title='bbox 269 2100 436 2166; x_wconf 85' lang='lat' dir='ltr'><strong>habeamus.</strong></span> <span class='ocrx_word' id='word_1_180' title='bbox 472 2101 630 2172; x_wconf 76' lang='lat' dir='ltr'><strong>Abstineas</strong></span> <span class='ocrx_word' id='word_1_181' title='bbox 653 2102 724 2178; x_wconf 83' lang='lat' dir='ltr'><strong>orit,</strong></span> <span class='ocrx_word' id='word_1_182' title='bbox 749 2101 842 2181; x_wconf 87' lang='lat' dir='ltr'><strong>quiid</strong></span> <span class='ocrx_word' id='word_1_183' title='bbox 859 2103 970 2180; x_wconf 90' lang='lat' dir='ltr'><strong>ipsum,</strong></span> <span class='ocrx_word' id='word_1_184' title='bbox 997 2100 1065 2178; x_wconf 87' lang='lat' dir='ltr'><strong>quid</strong></span> 
     </span>
     <span class='ocr_line' id='line_1_23' title="bbox 58 2182 1093 2264; baseline -0.004 -18"><span class='ocrx_word' id='word_1_185' title='bbox 58 2186 98 2246; x_wconf 90' lang='lat' dir='ltr'><strong>sit</strong></span> <span class='ocrx_word' id='word_1_186' title='bbox 110 2184 297 2262; x_wconf 68' lang='lat' dir='ltr'><strong>abstinentia,</strong></span> <span class='ocrx_word' id='word_1_187' title='bbox 315 2182 452 2263; x_wconf 81' lang='lat' dir='ltr'><strong>ignorati</strong></span> <span class='ocrx_word' id='word_1_188' title='bbox 471 2184 509 2252; x_wconf 75' lang='lat' dir='ltr'><strong>lar</strong></span> <span class='ocrx_word' id='word_1_189' title='bbox 521 2185 617 2262; x_wconf 85' lang='lat' dir='ltr'><strong>iortis,</strong></span> <span class='ocrx_word' id='word_1_190' title='bbox 634 2187 683 2264; x_wconf 82' lang='lat' dir='ltr'><strong>qai</strong></span> <span class='ocrx_word' id='word_1_191' title='bbox 697 2195 791 2254; x_wconf 86' lang='lat' dir='ltr'><strong>metus</strong></span> <span class='ocrx_word' id='word_1_192' title='bbox 807 2184 933 2260; x_wconf 92' lang='lat' dir='ltr'><strong>doloris,</strong></span> <span class='ocrx_word' id='word_1_193' title='bbox 952 2185 1093 2259; x_wconf 81' lang='lat' dir='ltr'><strong>mortis,3</strong></span> 
     </span>
     <span class='ocr_line' id='line_1_24' title="bbox 60 2266 1066 2349; baseline -0.002 -21"><span class='ocrx_word' id='word_1_194' title='bbox 60 2269 279 2347; x_wconf 83' lang='lat' dir='ltr'><strong>superstitionis</strong></span> <span class='ocrx_word' id='word_1_195' title='bbox 296 2269 375 2334; x_wconf 87' lang='lat' dir='ltr'><strong>nulla</strong></span> <span class='ocrx_word' id='word_1_196' title='bbox 390 2271 502 2331; x_wconf 88' lang='lat' dir='ltr'><strong>ratione</strong></span> <span class='ocrx_word' id='word_1_197' title='bbox 518 2266 709 2349; x_wconf 74' lang='lat' dir='ltr'><strong>purgaverit?</strong></span> <span class='ocrx_word' id='word_1_198' title='bbox 732 2268 770 2338; x_wconf 80' lang='lat' dir='ltr'><strong>Et</strong></span> <span class='ocrx_word' id='word_1_199' title='bbox 785 2269 894 2344; x_wconf 88' lang='lat' dir='ltr'><strong>iustus,</strong></span> <span class='ocrx_word' id='word_1_200' title='bbox 915 2268 963 2346; x_wconf 86' lang='lat' dir='ltr'><strong>qui</strong></span> <span class='ocrx_word' id='word_1_201' title='bbox 979 2267 1066 2347; x_wconf 83' lang='lat' dir='ltr'><strong>aequi</strong></span> 
     </span>
     <span class='ocr_line' id='line_1_25' title="bbox 59 2351 1116 2432; baseline -0.002 -20"><span class='ocrx_word' id='word_1_202' title='bbox 59 2353 190 2430; x_wconf 83' lang='lat' dir='ltr'><strong>bonique</strong></span> <span class='ocrx_word' id='word_1_203' title='bbox 203 2361 374 2430; x_wconf 87' lang='lat' dir='ltr'><strong>tractatum,</strong></span> <span class='ocrx_word' id='word_1_204' title='bbox 394 2354 441 2432; x_wconf 90' lang='lat' dir='ltr'><strong>qui</strong></span> <span class='ocrx_word' id='word_1_205' title='bbox 458 2353 559 2432; x_wconf 80' lang='lat' dir='ltr'><strong>leges,</strong></span> <span class='ocrx_word' id='word_1_206' title='bbox 585 2370 719 2432; x_wconf 87' lang='lat' dir='ltr'><strong>quaeque</strong></span> <span class='ocrx_word' id='word_1_207' title='bbox 736 2361 837 2420; x_wconf 85' lang='lat' dir='ltr'><strong>natura</strong></span> <span class='ocrx_word' id='word_1_208' title='bbox 853 2360 919 2414; x_wconf 88' lang='lat' dir='ltr'><strong>sunt</strong></span> <span class='ocrx_word' id='word_1_209' title='bbox 933 2351 1065 2414; x_wconf 89' lang='lat' dir='ltr'><strong>omnibus</strong></span> <span class='ocrx_word' id='word_1_210' title='bbox 1107 2401 1116 2411; x_wconf 70' lang='lat'>,</span> 
     </span>
     <span class='ocr_line' id='line_1_26' title="bbox 58 2437 1065 2516; baseline -0.004 -18"><span class='ocrx_word' id='word_1_211' title='bbox 58 2437 146 2498; x_wconf 86' lang='lat' dir='ltr'><strong>datae</strong></span> <span class='ocrx_word' id='word_1_212' title='bbox 162 2453 296 2515; x_wconf 81' lang='lat' dir='ltr'><strong>quaeque</strong></span> <span class='ocrx_word' id='word_1_213' title='bbox 310 2439 448 2516; x_wconf 88' lang='lat' dir='ltr'><strong>propriae</strong></span> <span class='ocrx_word' id='word_1_214' title='bbox 464 2437 580 2516; x_wconf 89' lang='lat' dir='ltr'><strong>populis</strong></span> <span class='ocrx_word' id='word_1_215' title='bbox 599 2438 628 2498; x_wconf 85' lang='lat' dir='ltr'><strong>et</strong></span> <span class='ocrx_word' id='word_1_216' title='bbox 638 2437 774 2515; x_wconf 81' lang='lat' dir='ltr'><strong>gentibus</strong></span> <span class='ocrx_word' id='word_1_217' title='bbox 793 2438 978 2512; x_wconf 84' lang='lat' dir='ltr'><strong>constitutae,</strong></span> <span class='ocrx_word' id='word_1_218' title='bbox 996 2453 1065 2498; x_wconf 89' lang='lat' dir='ltr'><strong>nun·</strong></span> 
     </span>
     <span class='ocr_line' id='line_1_27' title="bbox 59 2518 1065 2600; baseline -0.001 -20"><span class='ocrx_word' id='word_1_219' title='bbox 59 2537 146 2600; x_wconf 87' lang='lat' dir='ltr'><strong>quam</strong></span> <span class='ocrx_word' id='word_1_220' title='bbox 161 2519 319 2582; x_wconf 80' lang='lat' dir='ltr'><strong>eruditiore</strong></span> <span class='ocrx_word' id='word_1_221' title='bbox 337 2521 435 2599; x_wconf 87' lang='lat' dir='ltr'><strong>aliquo</strong></span> <span class='ocrx_word' id='word_1_222' title='bbox 451 2538 586 2582; x_wconf 86' lang='lat' dir='ltr'><strong>sermone</strong></span> <span class='ocrx_word' id='word_1_223' title='bbox 602 2518 752 2584; x_wconf 82' lang='lat' dir='ltr'><strong>tractarit?</strong></span> <span class='ocrx_word' id='word_1_224' title='bbox 782 2519 806 2580; x_wconf 93' lang='lat' dir='ltr'>O</span> <span class='ocrx_word' id='word_1_225' title='bbox 823 2539 907 2598; x_wconf 84' lang='lat' dir='ltr'><strong>quam</strong></span> <span class='ocrx_word' id='word_1_226' title='bbox 923 2519 999 2581; x_wconf 88' lang='lat' dir='ltr'><strong>istud</strong></span> <span class='ocrx_word' id='word_1_227' title='bbox 1012 2535 1065 2598; x_wconf 91' lang='lat' dir='ltr'><strong>pa·</strong></span> 
     </span>
     <span class='ocr_line' id='line_1_28' title="bbox 59 2602 1092 2684; baseline 0 -20"><span class='ocrx_word' id='word_1_228' title='bbox 59 2609 124 2664; x_wconf 82' lang='lat' dir='ltr'><strong>rum</strong></span> <span class='ocrx_word' id='word_1_229' title='bbox 138 2612 255 2682; x_wconf 86' lang='lat' dir='ltr'><strong>putant,</strong></span> <span class='ocrx_word' id='word_1_230' title='bbox 272 2605 376 2684; x_wconf 89' lang='lat' dir='ltr'><strong>quibus</strong></span> <span class='ocrx_word' id='word_1_231' title='bbox 392 2613 449 2667; x_wconf 88' lang='lat' dir='ltr'><strong>tam</strong></span> <span class='ocrx_word' id='word_1_232' title='bbox 464 2604 551 2666; x_wconf 89' lang='lat' dir='ltr'><strong>iacile</strong></span> <span class='ocrx_word' id='word_1_233' title='bbox 567 2605 696 2666; x_wconf 84' lang='lat' dir='ltr'><strong>videtur!</strong></span> <span class='ocrx_word' id='word_1_234' title='bbox 729 2604 787 2666; x_wconf 86' lang='lat' dir='ltr'><strong>Sed</strong></span> <span class='ocrx_word' id='word_1_235' title='bbox 803 2603 861 2664; x_wconf 88' lang='lat' dir='ltr'><strong>hoc</strong></span> <span class='ocrx_word' id='word_1_236' title='bbox 875 2612 1005 2679; x_wconf 86' lang='lat' dir='ltr'><strong>transeo,</strong></span> <span class='ocrx_word' id='word_1_237' title='bbox 1025 2602 1092 2664; x_wconf 76' lang='lat' dir='ltr'><strong>det</strong></span> 
     </span>
     <span class='ocr_line' id='line_1_29' title="bbox 59 2685 1065 2768; baseline -0.002 -21"><span class='ocrx_word' id='word_1_238' title='bbox 59 2705 120 2768; x_wconf 81' lang='lat' dir='ltr'><strong>quo</strong></span> <span class='ocrx_word' id='word_1_239' title='bbox 136 2688 293 2766; x_wconf 89' lang='lat' dir='ltr'><strong>neminem,</strong></span> <span class='ocrx_word' id='word_1_240' title='bbox 316 2690 364 2768; x_wconf 88' lang='lat' dir='ltr'><strong>qul</strong></span> <span class='ocrx_word' id='word_1_241' title='bbox 384 2688 496 2755; x_wconf 87' lang='lat' dir='ltr'><strong>litteras</strong></span> <span class='ocrx_word' id='word_1_242' title='bbox 511 2687 560 2749; x_wconf 86' lang='lat' dir='ltr'><strong>vel</strong></span> <span class='ocrx_word' id='word_1_243' title='bbox 576 2689 691 2766; x_wconf 89' lang='lat' dir='ltr'><strong>primis,</strong></span> <span class='ocrx_word' id='word_1_244' title='bbox 709 2696 740 2748; x_wconf 90' lang='lat' dir='ltr'><strong>ut</strong></span> <span class='ocrx_word' id='word_1_245' title='bbox 755 2688 847 2764; x_wconf 89' lang='lat' dir='ltr'><strong>aiunt,</strong></span> <span class='ocrx_word' id='word_1_246' title='bbox 871 2685 959 2746; x_wconf 86' lang='lat' dir='ltr'><strong>labris</strong></span> <span class='ocrx_word' id='word_1_247' title='bbox 975 2686 1065 2762; x_wconf 79' lang='lat' dir='ltr'><strong>degu-</strong></span> 
     </span>
     <span class='ocr_line' id='line_1_30' title="bbox 59 2771 1065 2852; baseline -0.003 -21"><span class='ocrx_word' id='word_1_248' title='bbox 59 2772 160 2847; x_wconf 89' lang='lat' dir='ltr'><strong>starit,</strong></span> <span class='ocrx_word' id='word_1_249' title='bbox 183 2771 374 2832; x_wconf 86' lang='lat' dir='ltr'><strong>dubitaturum</strong></span> <span class='ocrx_word' id='word_1_250' title='bbox 395 2781 476 2852; x_wconf 89' lang='lat' dir='ltr'><strong>puto.</strong></span> <span class='ocrx_word' id='word_1_251' title='bbox 509 2771 555 2836; x_wconf 77' lang='lat' dir='ltr'><strong>Ad</strong></span> <span class='ocrx_word' id='word_1_252' title='bbox 577 2771 648 2835; x_wconf 86' lang='lat' dir='ltr'><strong>illud</strong></span> <span class='ocrx_word' id='word_1_253' title='bbox 670 2789 797 2850; x_wconf 85' lang='lat' dir='ltr'><strong>sequens</strong></span> <span class='ocrx_word' id='word_1_254' title='bbox 817 2778 1005 2849; x_wconf 79' lang='lat' dir='ltr'><strong>praevertat,</strong></span> <span class='ocrx_word' id='word_1_255' title='bbox 1028 2787 1065 2829; x_wconf 87' lang='lat' dir='ltr'><strong>ue</strong></span> 
     </span>
    </p>
   </div>
   <div class='ocr_carea' id='block_1_5' title="bbox 59 2853 1192 2936">
    <p class='ocr_par' dir='ltr' id='par_1_5' title="bbox 59 2853 1192 2936">
     <span class='ocr_line' id='line_1_31' title="bbox 59 2853 1192 2936; baseline -0.006 -20"><span class='ocrx_word' id='word_1_256' title='bbox 59 2855 175 2916; x_wconf 87' lang='lat' dir='ltr'><strong>dicendi</strong></span> <span class='ocrx_word' id='word_1_257' title='bbox 198 2855 314 2935; x_wconf 85' lang='lat' dir='ltr'><strong>quidem</strong></span> <span class='ocrx_word' id='word_1_258' title='bbox 336 2857 407 2930; x_wconf 83' lang='lat' dir='ltr'><strong>satis</strong></span> <span class='ocrx_word' id='word_1_259' title='bbox 426 2857 550 2936; x_wconf 86' lang='lat' dir='ltr'><strong>peritum</strong></span> <span class='ocrx_word' id='word_1_260' title='bbox 564 2855 644 2930; x_wconf 89' lang='lat' dir='ltr'><strong>iore,</strong></span> <span class='ocrx_word' id='word_1_261' title='bbox 668 2857 716 2933; x_wconf 86' lang='lat' dir='ltr'><strong>qui</strong></span> <span class='ocrx_word' id='word_1_262' title='bbox 739 2871 796 2916; x_wconf 88' lang='lat' dir='ltr'><strong>non</strong></span> <span class='ocrx_word' id='word_1_263' title='bbox 820 2863 849 2914; x_wconf 90' lang='lat' dir='ltr'><strong>et</strong></span> <span class='ocrx_word' id='word_1_264' title='bbox 870 2861 988 2923; x_wconf 87' lang='lat' dir='ltr'><strong>naturae</strong></span> <span class='ocrx_word' id='word_1_265' title='bbox 1008 2853 1065 2911; x_wconf 85' lang='lat' dir='ltr'><strong>vim</strong></span> <span class='ocrx_word' id='word_1_266' title='bbox 1182 2872 1192 2877; x_wconf 52' lang='grc'><strong>“</strong></span> 
     </span>
    </p>
   </div>
   <div class='ocr_carea' id='block_1_6' title="bbox 48 2937 1091 3522">
    <p class='ocr_par' dir='ltr' id='par_1_6' title="bbox 48 2937 1091 3522">
     <span class='ocr_line' id='line_1_32' title="bbox 59 2937 1065 3019; baseline -0.004 -21"><span class='ocrx_word' id='word_1_267' title='bbox 59 2955 174 2998; x_wconf 92' lang='lat' dir='ltr'><strong>omnem</strong></span> <span class='ocrx_word' id='word_1_268' title='bbox 197 2941 311 3017; x_wconf 86' lang='lat' dir='ltr'><strong>penitas</strong></span> <span class='ocrx_word' id='word_1_269' title='bbox 333 2941 519 3019; x_wconf 81' lang='lat' dir='ltr'><strong>perspexerit</strong></span> <span class='ocrx_word' id='word_1_270' title='bbox 540 2947 570 3000; x_wconf 92' lang='lat' dir='ltr'><strong>et</strong></span> <span class='ocrx_word' id='word_1_271' title='bbox 589 2957 685 3002; x_wconf 91' lang='lat' dir='ltr'><strong>mores</strong></span> <span class='ocrx_word' id='word_1_272' title='bbox 708 2938 874 3018; x_wconf 73' lang='lat' dir='ltr'><strong>praeceptis</strong></span> <span class='ocrx_word' id='word_1_273' title='bbox 896 2945 931 2998; x_wconf 85' lang='lat' dir='ltr'><strong>aa</strong></span> <span class='ocrx_word' id='word_1_274' title='bbox 952 2937 1065 3008; x_wconf 84' lang='lat' dir='ltr'><strong>ratione</strong></span> 
     </span>
     <span class='ocr_line' id='line_1_33' title="bbox 58 3018 1091 3102; baseline 0 -19"><span class='ocrx_word' id='word_1_275' title='bbox 58 3022 203 3083; x_wconf 57' lang='lat' dir='ltr'><strong>formarit,</strong></span> <span class='ocrx_word' id='word_1_276' title='bbox 232 3022 336 3102; x_wconf 83' lang='lat' dir='ltr'><strong>Neque</strong></span> <span class='ocrx_word' id='word_1_277' title='bbox 359 3025 435 3088; x_wconf 84' lang='lat' dir='ltr'><strong>erin</strong></span> <span class='ocrx_word' id='word_1_278' title='bbox 456 3024 562 3086; x_wconf 80' lang='lat' dir='ltr'><strong>trustra</strong></span> <span class='ocrx_word' id='word_1_279' title='bbox 585 3023 715 3091; x_wconf 84' lang='lat' dir='ltr'><strong>intentio</strong></span> <span class='ocrx_word' id='word_1_280' title='bbox 739 3023 775 3084; x_wconf 91' lang='lat' dir='ltr'><strong>de</strong></span> <span class='ocrx_word' id='word_1_281' title='bbox 791 3022 914 3084; x_wconf 86' lang='lat' dir='ltr'><strong>Oratore</strong></span> <span class='ocrx_word' id='word_1_282' title='bbox 935 3021 1010 3082; x_wconf 91' lang='lat' dir='ltr'><strong>libro</strong></span> <span class='ocrx_word' id='word_1_283' title='bbox 1029 3018 1091 3083; x_wconf 68' lang='grc' dir='ltr'>Μ</span> 
     </span>
     <span class='ocr_line' id='line_1_34' title="bbox 59 3103 1065 3186; baseline -0.002 -20"><span class='ocrx_word' id='word_1_284' title='bbox 59 3103 189 3167; x_wconf 78' lang='lat' dir='ltr'><strong>Crassus</strong></span> <span class='ocrx_word' id='word_1_285' title='bbox 212 3116 331 3184; x_wconf 86' lang='lat' dir='ltr'><strong>cuneta,</strong></span> <span class='ocrx_word' id='word_1_286' title='bbox 356 3123 431 3185; x_wconf 87' lang='lat' dir='ltr'><strong>quae</strong></span> <span class='ocrx_word' id='word_1_287' title='bbox 453 3106 490 3168; x_wconf 90' lang='lat' dir='ltr'><strong>de</strong></span> <span class='ocrx_word' id='word_1_288' title='bbox 512 3124 624 3186; x_wconf 87' lang='lat' dir='ltr'><strong>aequo,</strong></span> <span class='ocrx_word' id='word_1_289' title='bbox 649 3108 741 3183; x_wconf 89' lang='lat' dir='ltr'><strong>iusto,</strong></span> <span class='ocrx_word' id='word_1_290' title='bbox 764 3124 853 3182; x_wconf 88' lang='lat' dir='ltr'><strong>vero,</strong></span> <span class='ocrx_word' id='word_1_291' title='bbox 868 3105 946 3166; x_wconf 91' lang='lat' dir='ltr'><strong>hono</strong></span> <span class='ocrx_word' id='word_1_292' title='bbox 970 3103 1065 3182; x_wconf 88' lang='lat' dir='ltr'><strong>deque</strong></span> 
     </span>
     <span class='ocr_line' id='line_1_35' title="bbox 48 3188 1065 3270; baseline -0.003 -21"><span class='ocrx_word' id='word_1_293' title='bbox 48 3191 115 3264; x_wconf 30' lang='lat' dir='ltr'><strong>siis,</strong></span> <span class='ocrx_word' id='word_1_294' title='bbox 135 3207 212 3267; x_wconf 88' lang='lat' dir='ltr'><strong>qnae</strong></span> <span class='ocrx_word' id='word_1_295' title='bbox 228 3199 294 3252; x_wconf 87' lang='lat' dir='ltr'><strong>sunt</strong></span> <span class='ocrx_word' id='word_1_296' title='bbox 310 3192 538 3270; x_wconf 87' lang='lat' dir='ltr'><strong>contraposita,</strong></span> <span class='ocrx_word' id='word_1_297' title='bbox 555 3191 704 3267; x_wconf 88' lang='lat' dir='ltr'><strong>dicantur,</strong></span> <span class='ocrx_word' id='word_1_298' title='bbox 720 3191 839 3269; x_wconf 91' lang='lat' dir='ltr'><strong>propria</strong></span> <span class='ocrx_word' id='word_1_299' title='bbox 854 3206 922 3249; x_wconf 86' lang='lat' dir='ltr'><strong>ease</strong></span> <span class='ocrx_word' id='word_1_300' title='bbox 940 3188 1065 3250; x_wconf 89' lang='lat' dir='ltr'><strong>oratoris</strong></span> 
     </span>
     <span class='ocr_line' id='line_1_36' title="bbox 58 3272 1065 3354; baseline -0.004 -21"><span class='ocrx_word' id='word_1_301' title='bbox 58 3272 202 3351; x_wconf 83' lang='lat' dir='ltr'><strong>afirmat,</strong></span> <span class='ocrx_word' id='word_1_302' title='bbox 219 3291 254 3334; x_wconf 89' lang='lat' dir='ltr'><strong>ac</strong></span> <span class='ocrx_word' id='word_1_303' title='bbox 268 3273 479 3354; x_wconf 90' lang='lat' dir='ltr'><strong>philosophos,</strong></span> <span class='ocrx_word' id='word_1_304' title='bbox 497 3291 560 3336; x_wconf 87' lang='lat' dir='ltr'><strong>cum</strong></span> <span class='ocrx_word' id='word_1_305' title='bbox 576 3291 612 3335; x_wconf 90' lang='lat' dir='ltr'><strong>ea</strong></span> <span class='ocrx_word' id='word_1_306' title='bbox 629 3273 743 3336; x_wconf 88' lang='lat' dir='ltr'><strong>dicendi</strong></span> <span class='ocrx_word' id='word_1_307' title='bbox 760 3273 869 3335; x_wconf 85' lang='lat' dir='ltr'><strong>viribus</strong></span> <span class='ocrx_word' id='word_1_308' title='bbox 882 3279 1009 3346; x_wconf 88' lang='lat' dir='ltr'><strong>tuentur,</strong></span> <span class='ocrx_word' id='word_1_309' title='bbox 1024 3272 1065 3330; x_wconf 93' lang='lat' dir='ltr'><strong>uti</strong></span> 
     </span>
     <span class='ocr_line' id='line_1_37' title="bbox 57 3353 1065 3433; baseline -0.002 -18"><span class='ocrx_word' id='word_1_310' title='bbox 57 3357 210 3417; x_wconf 85' lang='lat' dir='ltr'><strong>rhetorum</strong></span> <span class='ocrx_word' id='word_1_311' title='bbox 233 3359 319 3418; x_wconf 89' lang='lat' dir='ltr'><strong>armis</strong></span> <span class='ocrx_word' id='word_1_312' title='bbox 343 3375 401 3420; x_wconf 89' lang='lat' dir='ltr'><strong>non</strong></span> <span class='ocrx_word' id='word_1_313' title='bbox 426 3359 496 3418; x_wconf 88' lang='lat' dir='ltr'><strong>suis.</strong></span> <span class='ocrx_word' id='word_1_314' title='bbox 534 3356 729 3425; x_wconf 87' lang='lat' dir='ltr'><strong>ldemtamen</strong></span> <span class='ocrx_word' id='word_1_315' title='bbox 753 3356 924 3433; x_wconf 75' lang='lat' dir='ltr'><strong>confitetur,</strong></span> <span class='ocrx_word' id='word_1_316' title='bbox 949 3371 985 3415; x_wconf 90' lang='lat' dir='ltr'><strong>ea</strong></span> <span class='ocrx_word' id='word_1_317' title='bbox 1009 3353 1065 3414; x_wconf 91' lang='lat' dir='ltr'><strong>iam</strong></span> 
     </span>
     <span class='ocr_line' id='line_1_38' title="bbox 59 3436 1065 3522; baseline -0.002 -22"><span class='ocrx_word' id='word_1_318' title='bbox 59 3459 131 3500; x_wconf 87' lang='lat' dir='ltr'><strong>esse</strong></span> <span class='ocrx_word' id='word_1_319' title='bbox 154 3459 170 3500; x_wconf 91' lang='lat' dir='ltr'><strong>a</strong></span> <span class='ocrx_word' id='word_1_320' title='bbox 192 3440 379 3522; x_wconf 88' lang='lat' dir='ltr'><strong>philosophia</strong></span> <span class='ocrx_word' id='word_1_321' title='bbox 398 3442 539 3522; x_wconf 88' lang='lat' dir='ltr'><strong>petenda,</strong></span> <span class='ocrx_word' id='word_1_322' title='bbox 569 3440 708 3505; x_wconf 89' lang='lat' dir='ltr'><strong>videlicet</strong></span> <span class='ocrx_word' id='word_1_323' title='bbox 731 3441 797 3520; x_wconf 84' lang='lat' dir='ltr'><strong>quia</strong></span> <span class='ocrx_word' id='word_1_324' title='bbox 817 3440 909 3516; x_wconf 76' lang='lat' dir='ltr'><strong>magis</strong></span> <span class='ocrx_word' id='word_1_325' title='bbox 926 3437 1001 3500; x_wconf 89' lang='lat' dir='ltr'><strong>haec</strong></span> <span class='ocrx_word' id='word_1_326' title='bbox 1023 3436 1065 3498; x_wconf 94' lang='lat' dir='ltr'><strong>illi</strong></span> 
     </span>
    </p>
   </div>
   <div class='ocr_carea' id='block_1_7' title="bbox 0 0 1240 3962">
    <p class='ocr_par' dir='ltr' id='par_1_7' title="bbox 0 0 1240 3962">
     <span class='ocr_line' id='line_1_39' title="bbox 0 0 1240 3962; baseline 0 0"><span class='ocrx_word' id='word_1_327' title='bbox 0 0 1240 3962; x_wconf 95' lang='lat' dir='ltr'><strong> </strong></span> 
     </span>
    </p>
   </div>
  </div>
 </body>
</html>
