2446 3962
305 209 395 257 lusu.
409 209 559 258 cunnos.
574 206 748 277 uus.11‚17.
986 201 1025 262 95

49 367 195 426 animantes
210 367 287 426 aiunt
304 364 415 425 babere
431 367 608 442 materiam,
633 365 710 444 quod
732 376 777 427 est
792 385 905 437 verum;
926 369 1026 430 rheto-

48 453 109 511 rices
127 452 239 513 cadam
260 467 327 510 esse
346 451 524 528 propriam,
548 449 626 528 quod
647 467 715 508 esse
730 451 834 512 falsum
853 454 882 512 in
901 471 1026 532 sequen·

49 534 107 594 tibus
121 534 259 614 probabo.
295 533 398 594 Altera
417 543 462 592 est
477 534 632 610 calumnia,
655 533 761 597 nullam
776 546 867 600 artem
882 537 964 598 falsis
980 556 1023 599 as·
1035 547 1067 600 le

49 619 128 679 sentiri
142 617 340 699 opinionibus,
364 619 429 697 quia
446 619 582 678 constitui
600 619 663 677 sine
678 622 869 698 perceptione
885 639 942 681 non
957 641 1026 702 pos·
1091 671 1094 678 .

48 706 88 779 sit,
107 721 175 782 quae
190 721 307 782 semper
320 721 391 762 vera
407 704 457 772 sit;
480 702 655 764 rhetoricen
674 705 823 766 assentiri
839 707 946 784 falsie,
968 725 1027 767 non

50 805 100 846 esse
115 790 197 866 igitur
211 796 312 848 ortem.
339 785 422 864 Ego,
440 787 608 848 rhetoricen
622 804 824 866 nonnunquam
839 790 938 850 dicere
953 791 1068 852 iulso19

26 887 89 954 tpro
104 874 192 949 ueris,
216 871 394 940 confitebor;
418 873 471 933 sed
496 888 554 931 non
577 872 644 931 ideo
668 873 697 931 in
721 872 795 932 falsa
820 890 936 952 quoque
959 893 1027 934 csse

26 955 29 984 ³
49 957 161 1034 opinione
182 955 356 1031 concedam,
376 957 442 1034 quia
464 955 552 1033 longe
574 955 719 1016 diversum
742 965 804 1033 est,
823 959 879 1036 ipsi
897 959 964 1036 quid
984 961 1026 1018 vi·

49 1039 96 1099 deri
115 1051 155 1117 ct,
173 1050 204 1101 ut
226 1041 276 1100 alii
292 1041 441 1114 videatur,
464 1040 594 1100 allicere.
628 1039 701 1101 Nam
721 1050 751 1100 et
770 1043 929 1121 imperator
943 1043 1026 1104 falsis

47 1126 117 1185 utitur
130 1143 233 1205 saepe,
253 1134 285 1185 ut
305 1123 464 1200 Hannibal,
485 1143 548 1185 eum
569 1125 697 1185 inclusus
713 1143 729 1186 a
744 1125 852 1202 Fabio,
874 1129 1026 1188 sarmentis

48 1210 136 1270 circum
159 1227 265 1271 cornua
291 1208 379 1268 boum
399 1209 532 1286 deligatis
558 1211 762 1288 incensisque,
790 1228 844 1288 per
863 1221 978 1271 noctem
997 1213 1027 1271 in

48 1292 165 1354 aduersos
179 1303 295 1354 montes
310 1311 401 1370 agens
417 1302 543 1354 armenta
559 1295 688 1373 speciem
704 1293 780 1354 hosti
795 1294 926 1356 abeuntis
942 1313 1027 1356 exer·

50 1377 107 1436 citus
120 1377 208 1456 dedit,
228 1379 283 1438 sed
305 1377 386 1437 illum
403 1377 524 1447 ieiellit;
545 1381 627 1456 ipse,
647 1377 714 1456 quid
735 1396 835 1438 rerum
851 1389 947 1458 esset,
969 1396 1027 1438 non

50 1460 176 1536 ignoravit.
211 1462 363 1523 Nec-vero
380 1461 586 1541 Theopompus
602 1462 864 1540 Lacedaemonius,
882 1481 946 1524 curn
961 1472 1069 1543 per-20

51 1553 134 1606 mutato
148 1565 209 1606 cum
222 1565 319 1607 uxore
335 1546 432 1606 babitu
449 1565 467 1606 e
481 1547 612 1607 custodia
626 1556 657 1606 ut
671 1547 774 1608 mulie-r
793 1550 902 1623 evasit,
925 1547 1027 1608 ialsam

26 1693 27 1714 ἦ
54 1627 79 1685 de
92 1647 117 1690 se
131 1634 294 1710 opinionem
315 1630 413 1690 babuit
431 1632 483 1692 sed
502 1631 670 1693 custodibus
692 1631 834 1710 praebuit.
869 1632 941 1692 Item
962 1649 1026 1692 ora·

26 1725 27 1734 ³
54 1717 101 1787 tor,
114 1733 170 1775 oum
188 1716 265 1777 falso
290 1717 377 1774 utitur
397 1732 451 1794 pro
471 1732 561 1791 vero,
581 1717 637 1775 scit
659 1719 727 1774 esse
748 1716 851 1777 falsum
874 1733 971 1794 eoque
993 1735 1027 1776 se

54 1811 161 1870 protero
176 1803 232 1870 uti;
247 1817 308 1859 uon
325 1816 396 1876 erqo
412 1800 514 1859 salsam
529 1799 617 1859 habet
631 1801 695 1877 ipse
709 1801 873 1878 opinionem
885 1801 938 1860 sed
953 1799 1028 1861 iallit

53 1878 125 1940 ulium
155 1883 217 1944 Nec
237 1882 364 1960 Cicero,
385 1903 448 1944 cum
470 1901 503 1942 se
524 1883 660 1943 tenebras
679 1883 817 1943 offudisse
838 1883 980 1943 iudicibus
999 1887 1068 1946 inbl

52 1979 120 2026 causa
133 1965 252 2029 Cluentii
269 1968 413 2045 gloriatus
430 1976 491 2042 est,
511 1967 580 2027 nibil
596 1969 660 2046 ipse
674 1967 754 2027 uidit.
789 1966 828 2027 Et
841 1969 947 2046 pictor,
964 1985 1028 2027 cum

50 2048 223 2113 matrissuae
239 2053 347 2128 elficit,
366 2061 396 2111 ut
413 2053 553 2130 quaedam
573 2053 699 2111 eminere
714 2054 743 2111 in
758 2068 867 2131 opere,
887 2051 1027 2130 quaedam

49 2137 188 2196 recessisse
203 2139 373 2212 credamus,
393 2138 457 2215 ipse
479 2155 514 2196 ea
534 2136 619 2215 plana
641 2153 781 2197 essenon
803 2138 906 2196 nescit.
940 2135 1069 2198 Alontas

51 2217 132 2294 etiam,
149 2239 248 2284 onmes
260 2229 348 2282 artes
361 2221 477 2282 babere
492 2221 582 2298 tieem
605 2222 737 2298 aliquem
751 2221 961 2299 propositam,
984 2221 1029 2280 od

51 2314 121 2374 qoem
134 2308 275 2378 tenduntnr
294 2305 376 2366 banc
393 2306 482 2366 modo
495 2306 612 2366 oollam
627 2323 695 2365 esee
708 2306 741 2364 ia
755 2304 925 2378 rbetorioe,
939 2304 1028 2365 modo

50 2401 96 2444 non
104 2392 255 2464 praestari
269 2409 356 2465 eom,
375 2391 427 2467 qai
437 2391 644 2468 promittatur.
676 2385 865 2458 Mentiuntur;
883 2404 937 2446 nos
953 2387 1028 2447 enlm

52 2483 104 2528 esse
116 2471 195 2534 linem
209 2477 263 2534 iam
280 2473 468 2550 ostendimus,
486 2474 595 2551 etquis
611 2481 691 2532 esset
705 2473 837 2533 diximus.
866 2470 1070 2534 Praestabit23

53 2547 110 2612 buno
124 2575 234 2636 semper
252 2567 379 2634 oratur„
392 2576 510 2636 semper
532 2559 607 2617 enim
627 2557 703 2617 bene
720 2558 807 2617 dicet.
839 2555 964 2615 Firmum
978 2574 1026 2615 au-

54 2639 95 2694 ltu
111 2637 179 2717 boc,
209 2643 288 2722 quod
309 2645 481 2722 opponitur,
502 2643 642 2702 adversus
668 2658 721 2701 eos
749 2642 874 2701 sortasse
900 2642 952 2714 sit,
980 2640 1028 2718 qui

54 2725 205 2790 persuadere
225 2728 311 2788 finem
332 2735 513 2805 putaverunt·
546 2725 655 2786 Noster
677 2733 776 2786 orator
790 2742 896 2802 arsque
912 2741 928 2783 a
943 2724 1027 2783 nobis

55 2797 113 2864 inita
125 2826 177 2869 non
192 2822 255 2872 sunt
270 2813 365 2891 posita
379 2813 408 2871 in
424 2819 539 2872 eventu.
571 2809 674 2870 Tendit
690 2809 804 2888 quidem
816 2809 851 2868 ad
866 2809 1027 2881 victoriam,

56 2887 91 2959 titi
103 2889 178 2962 dicit,
197 2895 250 2955 sed
267 2914 330 2955 cum
347 2896 423 2957 bene
441 2895 527 2971 dixit,
550 2896 733 2954 etiamsinon
753 2894 864 2968 vincat,
886 2891 930 2967 id,
950 2891 1028 2970 quod

56 2977 101 3029 arte
115 2981 286 3056 continetur,
311 2979 417 3040 effecit.
451 2979 523 3040 Nam
540 2989 569 3039 et
587 2978 765 3056 gubernator
779 2977 841 3037 vult
856 2976 937 3038 salva
955 2974 1070 3035 cavebit

55 3049 76 3107 in
91 3067 191 3132 portum
209 3066 378 3142 pervenire;
406 3067 430 3122 si
452 3072 546 3124 tamen
561 3073 743 3142 ‘tempestate
768 3062 855 3121 inerit
878 3060 1027 3138 abreptus,

57 3149 82 3192 ¹1ss
113 3141 171 3204 ideo
191 3150 281 3207 minus
302 3151 357 3209 erit
376 3148 555 3226 gubernator
577 3149 713 3228 dicetque
728 3154 826 3206 uotum
841 3145 928 3220 illud,
947 3143 1028 3205 Dum

57 3219 82 3278 ob
118 3245 154 3288 tm
176 3241 289 3293 rectam
308 3241 436 3296 terream.
472 3231 510 3292 Et
528 3232 657 3292 medicus
681 3233 831 3294 sanitatem
852 3245 943 3306 aegro
962 3238 1069 3306 pro-25

57 3305 82 3361 ¹¹¹5
118 3325 133 3378 ²:
156 3315 179 3392 si
203 3324 296 3376 tamen
320 3326 368 3377 aut
390 3317 563 3378 valetudinis
584 3319 612 3376 vi
633 3327 682 3378 aut
705 3314 924 3393 intemperantia
947 3313 1029 3388 aegri

58 3384 82 3444 lli
119 3410 200 3472 tqno
214 3418 281 3460 casu
297 3420 403 3466 summa
418 3419 476 3462 non
490 3403 641 3478 contingit,
658 3401 723 3460 dum
737 3401 801 3478 ipse
817 3398 910 3456 omnia
926 3413 1028 3454 secun·
1135 3393 1152 3410 ”·

58 3465 82 3526 du
122 3481 250 3542 rationem
270 3485 388 3565 iecerit,
409 3487 569 3546 medicinae
590 3485 646 3545 line
667 3503 725 3544 non
741 3479 867 3544 excidet.
902 3479 945 3541 lta
965 3495 1028 3539 ora·
