2494 3952
372 239 807 309 rusr.onnron.mn.x1,1.
1029 233 1087 297 201

84 395 158 458 lutis
177 401 255 453 stare
279 393 341 472 ipsa
362 410 419 452 non
433 395 535 472 possit.
567 393 726 455 dssecutus
742 398 838 474 itaque
854 407 915 474 est,
938 408 968 458 ut
985 399 1092 478 aliquid

86 493 327 556 eorumquoque
349 495 435 537 causa
456 478 603 537 videretur
624 479 739 554 iacere,
763 487 862 540 contra
881 497 954 559 quos
969 482 1089 544 diceret.

83 561 163 624 lllud
180 563 264 621 etiam
281 563 309 620 in
327 561 400 620 iocis
414 563 524 636 monui,
547 578 630 638 quam
650 566 740 642 turpis
764 573 844 623 esset
864 565 997 625 fortunae
1017 568 1135 633 inse-86

86 648 188 722 ctatio‚
203 653 232 704 et
249 662 285 704 ne
297 645 324 702 in
336 652 414 702 totos
427 645 542 703 ordines
558 655 605 705 aut
616 655 719 722 gentes
732 655 780 706 aut
794 647 920 726 populos
935 650 1091 728 petulantia

84 732 258 790 incurreret.
283 728 340 788 Sed
352 730 463 787 interim
479 728 550 788 lides
565 731 717 806 patrocinii
730 732 965 810 cogitquaedam
979 731 1015 792 de
1030 737 1090 792 uni-

82 829 175 874 verso
188 829 298 890 genere
310 811 469 890 aliquorum
480 811 624 871 bominum
639 812 749 890 dicere,
765 813 962 874 libertinorum
977 814 1025 875 vel
1041 818 1090 877 mi-

83 897 168 958 litum
179 895 227 956 rel
239 894 457 974 publicanorum
471 895 520 955 rel
533 895 663 955 similiter
678 897 806 956 aliomm.
837 895 868 957 ln
884 898 987 976 quibus
1003 901 1133 962 omni-87

84 979 142 1040 bus
156 995 303 1039 commune
317 977 473 1038 remedium
489 988 544 1053 est,
560 987 591 1038 ut
602 996 647 1054 ea,
665 996 739 1057 quae
751 979 877 1056 laedunt,
895 979 952 1040 non
967 982 1091 1042 libenter

84 1072 213 1124 tractare
228 1061 366 1130 videaris;
383 1080 437 1122 uec
453 1063 481 1120 in
492 1063 585 1121 omnia
596 1063 730 1140 impetum
742 1063 832 1122 iacias
848 1065 900 1124 sed
916 1065 996 1140 inid,
1013 1066 1089 1144 quod

85 1144 309 1226 expugnandum
323 1153 381 1211 est;
410 1155 438 1204 et
451 1144 666 1223 reprebendens
681 1147 736 1206 alia
752 1146 836 1206 laude
852 1163 1039 1226 compenses:
1067 1151 1134 1212 stae

85 1230 210 1309 cupidos
228 1229 332 1288 milites
350 1229 447 1302 dicas,
463 1229 523 1304 ¹sed
544 1246 600 1287 non
615 1231 729 1306 mirum,
752 1230 829 1309 quod
846 1231 1040 1309 periculorum
1056 1249 1091 1291 ac

85 1314 235 1390 sanguinis
257 1313 364 1372 maiora
389 1312 443 1371 sibi
466 1312 565 1370 deberi
586 1314 712 1388 praemla
733 1322 848 1391 putent;
874 1313 994 1374 eosdem
1010 1324 1090 1392 petu-

85 1398 193 1471 lantes,
210 1396 262 1454 sed
274 1395 331 1456 hoc
343 1396 416 1470 iteri,
433 1396 510 1473 quod
525 1394 609 1455 bellis
623 1397 713 1473 magis
726 1413 810 1474 quarn
823 1398 888 1475 paci
900 1401 1090 1457 assueverint.

84 1479 239 1540 libertinis
255 1478 430 1540 detrahenda
443 1487 487 1538 εει
503 1481 672 1547 auctoritas:
689 1480 758 1539 licet
773 1481 806 1540 iis
823 1483 1014 1541 testimonium
1027 1481 1090 1540 red·

85 1563 159 1624 dere
185 1563 356 1638 industriae,
379 1580 432 1642 per
454 1579 538 1640 quam
556 1565 678 1623 exierint
698 1562 734 1622 de
757 1565 905 1624 servitute.
950 1563 1034 1639 Quod
1055 1563 1135 1629 adso

17 1705 21 1708 .
85 1640 220 1706 nationes
236 1654 352 1705 exteras
368 1647 509 1726 pertinet,
529 1644 634 1706 Cicero
651 1648 748 1706 varie:
772 1647 953 1708 detracturus
972 1647 1091 1708 Graecis

85 1730 210 1790 testibus
234 1729 319 1789 irdem
341 1727 498 1789 doctrinam
518 1731 552 1788 iis
571 1730 703 1791 concedit
722 1747 757 1790 ao
772 1730 897 1806 litteras,
921 1749 1012 1808 seque
1030 1734 1092 1791 eius

85 1813 183 1882 centis
199 1821 356 1872 amatorem
372 1831 439 1872 esse
456 1813 622 1892 profitetur,
643 1811 751 1872 Sardos
768 1815 934 1889 contemnit,
953 1813 1091 1874 Allobro-

85 1916 142 1976 gas
165 1905 196 1955 ut
217 1894 317 1955 hostes
335 1897 505 1963 insectatum
528 1913 647 1974 quorum
667 1895 735 1956 nihil
749 1905 833 1974 tunc,
858 1913 921 1956 cum
935 1898 1091 1972 diceretur,

87 1997 189 2060 parum
204 1987 301 2057 aptum
316 1987 364 2039 aut
378 1988 517 2038 remotum
534 1998 601 2038 cura
618 1981 732 2040 decoris
748 1980 809 2039 luit.
832 1979 994 2040 Verborum
1011 1981 1137 2045 ctiambt)

87 2063 288 2123 moderatione
304 2062 415 2123 detrahi
430 2063 524 2139 solet,
548 2066 572 2121 si
589 2081 641 2122 uua
658 2072 702 2122 est
719 2065 761 2122 rei
776 2064 895 2125 invidia:
917 2065 942 2123 si
959 2081 1096 2142 asperum

86 2149 170 2210 dicas
193 2150 315 2206 taniam
331 2163 486 2223 seueram,
508 2147 639 2206 iniustam
653 2149 854 2224 persuasione
869 2149 950 2224 labi,
967 2149 1093 2225 pertina-

87 2248 154 2290 cem
170 2230 251 2291 ultra
266 2231 386 2291 nondam
400 2238 538 2291 tenacem
553 2247 621 2292 esse
635 2233 803 2310 proposita
829 2230 998 2310 plerumque
1014 2230 1095 2290 velut

88 2313 171 2391 ipsos
190 2313 304 2372 coneris
320 2315 430 2376 ratione
448 2315 577 2390 vincere,
594 2316 671 2393 quod
687 2323 731 2374 εει
746 2313 951 2374 mollissimum.

174 2395 346 2461 ludeoorum
362 2409 406 2460 est
423 2399 599 2480 superhaec
615 2417 699 2458 omne
719 2398 847 2474 nimium,
869 2397 994 2474 ideoque
1011 2395 1135 2456 etiam91

87 2483 168 2566 quod
179 2495 280 2546 natura
294 2486 337 2544 rei
350 2486 420 2544 satis
433 2493 528 2563 aptum
543 2492 598 2558 est,
614 2484 668 2542 nisi
680 2482 766 2543 modo
779 2498 894 2560 quoque
907 2490 1093 2559 temperatur,

88 2571 211 2648 gratiam
232 2569 335 2647 perdit.
374 2566 461 2628 Cuius
486 2568 529 2627 rei
546 2566 712 2626 observatio
734 2565 840 2625 iudicio
863 2565 954 2640 magis
971 2565 1095 2642 quodam

90 2652 192 2712 sentiri
217 2669 299 2730 quam
324 2652 489 2731 praeceptis
513 2651 587 2710 tradi
612 2657 725 2728 potest:
754 2657 887 2726 quantum
914 2648 983 2705 satis
1006 2648 1042 2704 sit
1065 2654 1096 2704 et

92 2745 227 2816 quantum
250 2737 390 2815 recipiant
412 2753 507 2796 aures.
540 2732 605 2792 Non
627 2731 714 2793 habet
736 2730 808 2791 haec
823 2749 871 2789 res
889 2747 1049 2790 mensuram
1066 2738 1095 2787 et

91 2821 175 2898 quasi
193 2819 316 2897 pondus,
332 2820 398 2896 quia
414 2828 445 2877 nt
459 2820 486 2877 in
503 2817 575 2877 cibis
591 2816 647 2876 alia
665 2817 728 2876 aliis
746 2816 836 2891 magis
853 2812 1009 2891 complent.

96 2947 100 2956 .
176 2901 376 2963 Adiciendum
398 2903 481 2962 etiam
504 2901 632 2961 breviter
652 2900 784 2973 videtur,
806 2896 883 2975 quod
903 2897 967 2956 iere
983 2895 1140 2957 diuenditis

90 2988 214 3046 virtutes
230 2987 443 3046 diversissimae
463 3002 519 3044 non
538 2985 630 3044 solum
654 2998 723 3042 suos
740 2990 883 3042 amatores
904 2980 1028 3040 habeant
1044 2978 1097 3038 sed

93 3069 130 3130 ab
147 3071 257 3132 eisdem
279 3088 369 3149 saepe
387 3070 547 3129 laudentur.
581 3067 653 3127 Nam
672 3063 777 3125 cicero
798 3063 921 3143 quodam
937 3063 1004 3123 loco
1026 3065 1096 3121 seri-

92 3153 145 3229 bit,
161 3155 196 3214 id
211 3173 277 3216 esse
292 3156 444 3232 optimum,
460 3154 556 3231 quoti,
573 3171 641 3212 cam
655 3157 684 3212 ie
697 3149 790 3228 facile
805 3148 978 3209 credideris
994 3164 1096 3207 eonse-

93 3237 148 3316 qai
160 3238 342 3313 imitatione,
357 3257 416 3298 non
431 3237 540 3314 possis.
571 3233 638 3294 Alio
653 3249 740 3308 vero,
756 3250 816 3294 non
833 3232 868 3292 id
881 3231 994 3308 eguisse,
1008 3238 1040 3288 at
1054 3230 1098 3288 ita

93 3321 222 3398 diceret,
242 3321 389 3400 qaromodo
406 3341 439 3381 sc
454 3319 578 3398 quilibet
590 3333 680 3396 posse
694 3315 862 3394 confideret
875 3315 934 3374 sed
951 3313 1114 3391 quomodo,

92 3421 189 3466 namu.
231 3403 315 3479 Quod
336 3411 434 3483 potest
455 3420 583 3481 pugnare
600 3402 674 3460 inter
689 3418 721 3459 se
736 3397 837 3458 videri.
869 3393 978 3456 Verum
993 3401 1142 3457 utrum-93

94 3505 152 3566 que
174 3504 208 3547 ao
230 3489 332 3548 merito
355 3487 501 3562 laudatur,
524 3499 673 3545 causarum
695 3483 769 3543 enim
790 3479 876 3541 modo
898 3480 993 3540 distat.
1025 3475 1099 3551 Quia
