2436 3956
182 191 222 252 30
496 204 533 252 u.
549 203 628 250 rna.
648 202 869 261 coruncanum
891 203 896 212 ·

180 376 256 418 mum
281 367 326 418 est
351 357 466 436 ingenio
493 357 567 432 loci,
589 374 645 417 nec
665 374 785 436 usquam
804 365 911 416 tantum
932 356 1055 416 allectus
1075 354 1170 414 valent.

138 451 174 505 aa
181 440 253 500 Nam
268 443 436 501 coniectura
451 441 633 500 extrinsecus
649 457 765 519 quoque
780 439 918 500 adductas
932 440 1101 518 frequenter
1114 453 1172 514 pro·

159 598 162 604 1
181 525 313 584 bationes
329 524 416 585 babet
432 533 461 583 et
478 532 645 600 argumenta
660 542 697 583 ex
710 525 828 583 materia
840 524 937 591 sumit:
955 522 1044 601 quale
1060 521 1174 600 quidque

180 607 326 683 videatur,
345 609 529 686 eloquentiae
545 615 590 666 est
606 624 694 685 opus;
717 607 764 666 hic
779 614 898 682 regnat,
918 606 964 665 hic
982 607 1119 684 imperat,
1135 603 1175 662 liic

181 691 246 751 sola
260 693 358 752 vincit.

243 775 317 836 Huic
329 777 402 854 parti
414 773 559 850 subiungit
567 772 722 849 Verginius
732 791 835 832 causas
847 772 1054 847 abdicationis,
1070 769 1172 830 demen-

181 860 255 935 tiae,
272 859 364 920 malae
377 859 572 932 tractationis,
590 856 723 916 orbarum
734 858 847 935 nuptias
857 857 1053 921 indicentium.
1072 853 1173 914 Namet

181 942 245 1002 lere
261 944 304 1002 sic
319 942 439 1017 accidit,
456 941 622 1017 inventique
638 948 719 1015 sunt,
738 942 787 1018 qui
802 940 854 999 has
868 942 1004 1000 materias
1017 939 1172 1017 officiorum

138 1027 329 1086 advocarent.
368 1024 428 1084 Sed
443 1024 516 1083 alios
532 1039 648 1102 quoque
663 1039 862 1101 nonnunquam
878 1023 961 1102 leges
975 1023 1032 1084 hae
1044 1021 1172 1098 recipiunt

181 1117 282 1168 status.
323 1107 395 1167 Nam
411 1117 440 1167 et
456 1109 623 1168 coniectura
640 1114 685 1166 est
700 1107 851 1184 aliquando
867 1107 895 1166 in
906 1108 1058 1185 plerisque
1074 1105 1172 1172 borum,

181 1210 244 1252 eum
270 1212 304 1252 se
325 1193 374 1252 vel
394 1208 452 1252 non
472 1191 581 1252 fecisse
596 1191 645 1250 vel
662 1190 737 1250 bona
754 1199 850 1249 monte
866 1190 975 1250 iecisse
1001 1186 1170 1250 contendunt.

181 1273 269 1335 Cuius
290 1277 407 1354 generis
425 1275 560 1354 exempla
575 1283 640 1334 sunt
653 1275 750 1334 multa.
794 1273 831 1333 Et
847 1275 913 1352 quid
934 1277 971 1334 sit
988 1273 1128 1334 dementia
1144 1282 1172 1324 ac

32 1427 36 1439 ,
180 1358 254 1418 mala
267 1361 417 1433 tractatio,
432 1359 534 1419 linitur.
554 1357 625 1417 Nam
638 1360 720 1434 leges
733 1359 802 1416 iuris
814 1357 986 1436 plerumque
999 1355 1171 1437 quaestiones

137 1450 172 1505 26
180 1459 372 1520 praecurrere
385 1442 496 1517 solent,
509 1451 539 1501 et
552 1441 702 1517 exquibus
715 1458 822 1500 causae
833 1458 891 1500 non
903 1441 952 1500 liat
963 1451 1065 1502 status.
1100 1429 1171 1508 Quod

173 1535 276 1585 tamen
297 1525 377 1586 laeto
400 1525 516 1585 delendi
536 1541 594 1582 non
619 1525 741 1601 poterit,
770 1525 832 1583 iure
853 1527 976 1584 nitetur:
1009 1531 1039 1583 et
1064 1526 1129 1599 quot
1149 1521 1171 1572 el

181 1609 285 1686 quibus
307 1611 402 1668 causis
418 1608 551 1669 abdicare
568 1623 625 1666 non
645 1608 750 1682 liceat,
774 1616 803 1666 et
822 1608 850 1666 in
868 1624 942 1685 quae
959 1608 1077 1667 crimina
1091 1598 1170 1660 malae
1189 1615 1190 1628 ¹

180 1693 359 1752 tractationis
383 1694 459 1752 actio
481 1708 539 1751 non
559 1691 659 1766 detur,
683 1699 714 1750 et
728 1693 773 1750 cui
794 1708 934 1750 accusare
949 1688 1110 1750 dementiae
1124 1695 1170 1739 not

138 1780 172 1837 at
180 1776 369 1854 permittatur.
404 1776 626 1836 Abdicationum
641 1775 752 1835 formae
768 1783 832 1833 sunt
848 1774 935 1834 duae:
954 1775 1049 1835 altera
1062 1763 1168 1830 criminis

181 1860 321 1938 perlecti,
342 1869 373 1920 nt
394 1862 419 1919 si
444 1859 593 1926 abdicetur
614 1867 730 1936 raptor,
754 1858 881 1925 adulter,
912 1858 1005 1918 altera
1021 1855 1099 1916 velut
1112 1862 1166 1927 pen·

180 1943 274 2003 dentis
297 1953 325 2004 et
342 1944 435 2005 adbuc
450 1945 478 2002 in
494 1944 665 2003 condicione
680 1941 783 2020 positi,
805 1942 907 2019 quales
928 1951 1013 2016 sunt,
1035 1941 1062 1999 in
1082 1931 1165 2013 quibus

181 2026 328 2086 abdicatur
342 2027 435 2101 lilius,
455 2028 593 2103 quianon
608 2032 708 2103 pareat
723 2024 807 2102 patri.
852 2024 905 2084 llla
920 2042 1039 2104 semper
1054 2025 1166 2097 asperim

181 2109 338 2170 abdicantis
354 2111 497 2170 actionem
511 2109 612 2176 labem
629 2107 802 2185 immutabile
818 2116 863 2167 est
878 2109 970 2183 enim,
988 2105 1066 2187 quod
1079 2103 1165 2162 latium

182 2202 243 2261 est;
274 2193 347 2253 haec
375 2212 412 2252 ex
438 2202 521 2271 parte
546 2192 678 2252 blandam
701 2199 731 2252 et
758 2190 888 2251 suadenti
914 2193 1053 2258 similem;
1078 2173 1166 2245 maruli

181 2277 255 2336 enim
272 2286 356 2354 pater
370 2279 522 2354 corrigere
538 2293 622 2354 quam
640 2274 789 2342 abdicare;
814 2283 842 2334 at
861 2293 914 2354 pro
930 2275 999 2335 liliis
1015 2277 1044 2334 in
1061 2273 1164 2339 utroque

137 2367 291 2437 aligenare
307 2362 485 2419 summissam
501 2369 529 2420 et
545 2359 580 2420 ad
597 2358 829 2420 satislaciendum
841 2360 1041 2438 compositam.
1083 2351 1164 2422 dll⁰

181 2444 364 2503 dissensuros
387 2445 468 2517 scic,
498 2445 545 2521 qui
568 2443 692 2502 libenter
716 2451 814 2520 patres
841 2443 933 2520 ligura
954 2443 1083 2505 laedunt:
1104 2420 1166 2510 quod

181 2545 238 2587 non
254 2527 345 2586 ausim
360 2525 460 2586 dicere
478 2543 621 2604 nunquam
638 2544 709 2593 esse,
725 2525 903 2602 laciendum,
925 2535 1025 2606 potest
1040 2523 1108 2583 enim
1119 2523 1164 2572 ιιι·
1189 2551 1190 2610 q

181 2611 255 2671 teria
269 2609 414 2685 incidere,
433 2627 508 2689 quae
519 2610 577 2669 hoc
590 2611 702 2687 exigam
720 2619 801 2670 certa
816 2611 960 2670 vitandum
972 2619 1035 2685 est,
1051 2599 1165 2685 quotiens

138 2695 266 2756 filialiter
280 2695 327 2771 agi
343 2703 451 2774 potest.
484 2694 542 2755 Sed
558 2692 594 2754 de
610 2695 709 2771 liguris
726 2695 783 2755 alio
799 2694 873 2755 libro
888 2694 1080 2754 tractabimus.
1114 2676 1165 2739 Nil
1189 2709 1190 2762 q

182 2778 335 2838 dissimiles
357 2787 452 2838 autem
475 2778 684 2838 abdicationum
701 2778 863 2838 actionibus
883 2787 949 2838 sunt
968 2777 1061 2839 malae
1077 2768 1163 2853 tracti·

181 2863 267 2921 tionis
283 2863 430 2928 actiones:
454 2879 518 2920 nam
534 2870 563 2920 et
584 2863 666 2939 ipsae
681 2861 787 2921 habent
807 2858 927 2934 eandem
945 2863 974 2921 in
994 2849 1163 2921 accusation·

181 2943 235 3002 bus
259 2943 495 3004 moderationem.
545 2943 715 3004 Dementiae
739 2962 855 3024 quoque
877 2945 982 3004 iudicia
1001 2949 1048 3004 aut
1062 2932 1163 3016 pr⁰l¹⁸⁰r
1189 2959 1190 3002 l

181 3027 225 3102 id,
247 3026 325 3105 quod
345 3026 452 3086 laetum
470 3035 530 3102 est,
558 3035 606 3086 aut
625 3036 746 3106 propter
767 3027 811 3105 id,
838 3028 916 3107 quod
936 3027 1029 3088 adbuc
1052 3017 1109 3081 lieri
1126 2999 1162 3066 vel
1189 3007 1190 3030 ¹

138 3112 238 3170 30‘non
254 3111 316 3169 lieri
338 3119 451 3188 potest,
476 3111 667 3170 instituuntur.
712 3110 750 3171 Et
765 3121 847 3170 actor
861 3113 889 3170 in
906 3128 959 3186 eo,
984 3106 1058 3189 quod
1074 3101 1162 3160 sacrm
1188 3085 1190 3204 4

181 3203 245 3270 est,
265 3193 386 3253 liberum
408 3193 495 3253 habet
513 3194 667 3270 impetum,
693 3196 736 3254 sic
751 3203 862 3270 tamen,
882 3203 912 3254 ut
933 3194 1037 3255 lactum
1052 3176 1161 3247 accuset,
1189 3233 1190 3238 γ

180 3278 272 3356 ipsius
289 3279 378 3356 patris
392 3286 526 3354 tanquam
539 3275 704 3336 valetudine
719 3277 793 3356 lapsi
806 3281 989 3346 miserantum
1007 3279 1034 3336 in
1048 3285 1083 3330 eo
1093 3269 1160 3358 veut
1189 3299 1190 3312 ι

182 3362 262 3420 cuius
285 3360 376 3420 libera
398 3361 517 3420 mutatio
542 3368 602 3436 est,
628 3360 676 3420 din
692 3370 778 3437 roget
795 3370 825 3421 et
846 3361 966 3422 suadeat
983 3369 1012 3421 et
1027 3347 1160 3417 nonianus

179 3443 351 3504 dementiam
363 3445 467 3504 rationi
483 3452 620 3523 queratur
635 3444 770 3522 obstare,
788 3461 845 3504 non
855 3461 966 3514 mores;
989 3457 1058 3522 quos
1072 3426 1160 3512 qa⁸l¹⁰
1188 3477 1190 3548 Ι
