2444 3972
303 185 393 233 rusa.
411 186 559 234 onsroa.
576 187 646 234 nte.
661 188 704 254 11,
719 185 745 240 9.
763 187 805 239 10.
1016 179 1055 240 77

326 341 369 392 DE
387 339 513 393 ormam
532 341 782 394 utsctt‘uuouttnt.

132 425 184 487 lX.
220 426 308 490 Plura
331 427 367 486 de
391 426 488 486 oliicic
513 427 678 486 docentium
702 427 817 487 locutus
843 429 1003 509 discipulos
1026 433 1056 492 id

58 527 134 571 uuum
148 513 268 571 interim
283 528 407 587 moneo,
431 521 462 570 ut
477 519 688 591 praeceptores
706 527 775 571 suos
791 527 848 572 non
862 517 954 575 miuus
970 535 1056 596 quam

57 595 112 674 lpsa
126 595 225 656 studia
242 603 355 671 ament,
384 603 413 656 et
436 603 573 674 parentes
596 613 744 655 essenon
768 597 885 675 quidem
900 615 1056 681 corporum

56 679 102 739 sed
115 681 256 740 mentium
273 679 402 740 credant.
447 677 566 738 illultum
588 678 662 740 haec
682 680 776 758 pietas
793 681 926 743 conferet
943 683 1084 754 studium

55 779 112 824 uam
127 765 168 824 ita
184 771 216 823 et
235 764 363 824 libenter
380 763 496 824 audient
512 773 541 822 et
556 763 640 823 dictis
656 763 778 824 credent
801 774 830 825 et
855 785 922 826 esse
945 770 1054 830 similes

56 849 281 926 concupiscent,
306 847 334 906 in
356 847 437 926 ipsos
462 847 588 926 denique
613 856 715 907 coetus
731 848 895 910 scholarum
912 852 981 912 laeti
996 853 1055 913 ala-

56 947 173 1011 tresque
194 933 382 1007 convenient,
401 932 545 992 emendati
562 947 619 991 non
634 935 806 1009 irascentur,
823 933 930 995 laudati
946 937 1055 1014 gaude·

55 1013 134 1092 bunt,
158 1025 192 1076 ιιι
208 1017 270 1076 sint
284 1017 444 1091 carissimi,
469 1015 564 1076 studio
580 1015 787 1091 merebuntur,
807 1015 880 1078 Nam
895 1028 926 1079 ut
941 1021 1085 1084 illorumd

57 1097 174 1158 officium
192 1110 241 1161 est
257 1101 387 1175 docere,
413 1101 456 1160 sic
470 1097 572 1160 luorum
589 1099 734 1178 praehere
750 1119 783 1160 se
799 1101 930 1173 dociles;
950 1105 1057 1185 alioqui

55 1193 178 1243 neutrum
194 1184 260 1244 sine
279 1184 372 1260 altero
390 1183 506 1244 suflicit.
547 1181 585 1244 Et
599 1185 674 1245 sicut
688 1183 810 1244 hominis
826 1193 907 1245 ortus
923 1204 962 1246 ex
977 1197 1056 1249 utro-

57 1285 106 1345 que
118 1269 305 1346 gignentium
322 1267 489 1344 confertur,
515 1277 545 1327 ct
559 1269 666 1329 frustra
689 1270 833 1346 sparseris
850 1271 977 1348 semina,
1001 1274 1055 1332 nisi

57 1350 100 1411 illa
124 1351 331 1431 praemollitus
356 1352 463 1413 loverit
485 1351 602 1413 sulcus:
627 1353 666 1412 ita
690 1350 858 1433 eloquentia
882 1356 1055 1417 coalescere

58 1438 164 1514 nequit,
182 1439 240 1496 nisi
256 1435 370 1498 sociata
385 1436 524 1498 madentis
541 1437 771 1516 accipientisque
787 1439 955 1500 concordia.

200 1591 246 1640 DE
264 1589 441 1640 UTILITATE
458 1590 499 1640 ET
517 1588 662 1640 RATIONE
680 1590 903 1642 Ducunmnltct.

17 1681 19 1708 ²
130 1685 167 1747 X.
201 1685 237 1747 ln
258 1684 304 1746 liis
327 1687 426 1766 primis
448 1687 604 1766 operibus,
627 1705 703 1767 quae
724 1705 781 1747 non
804 1689 868 1766 ipsu
886 1705 976 1766 parva
991 1697 1056 1748 sunt

65 1770 108 1830 sed
119 1773 261 1832 maiorum
277 1772 360 1850 quasi
376 1770 505 1833 membra
527 1780 614 1850 atque
637 1779 754 1849 partes,
776 1771 853 1831 hene
869 1772 998 1831 instituto
1014 1781 1055 1832 at·

62 1869 109 1932 que
124 1855 294 1916 exercitato
319 1855 375 1914 iarn
395 1855 459 1915 lere
476 1863 592 1934 tempus
610 1863 731 1933 appetet
746 1855 937 1932 aggrediendi
953 1873 1055 1914 suaso-

60 1937 108 1997 rias
128 1938 345 2019 iudicialesque
369 1940 520 2007 materiam
550 1954 670 2019 quarum
692 1947 845 2020 autequam
864 1939 940 1998 viam
961 1941 1056 2016 ingre·

60 2019 129 2099 dior,
144 2041 242 2102 pauca
260 2023 329 2082 milri
345 2023 381 2083 de
404 2025 483 2102 ipsa
503 2023 650 2084 ratione
675 2022 909 2092 declamandi
932 2023 1057 2084 dicenda

60 2113 126 2183 sunt,
143 2125 221 2188 quae
234 2107 352 2186 quidem
362 2113 394 2166 ut
410 2126 448 2167 ex
463 2105 593 2167 omnihus
609 2107 769 2166 novissime
780 2106 896 2166 inventa
911 2108 950 2167 ita
965 2108 1055 2168 multo

61 2199 100 2248 ιιι
113 2191 277 2251 utilissima.
310 2187 383 2252 Nam
399 2199 429 2250 ιι
445 2200 548 2251 cuncta
565 2189 632 2267 illa,
650 2190 686 2251 de
705 2191 808 2270 quibus
825 2191 958 2266 diximus,
977 2192 1006 2250 in
1021 2200 1082 2252 sea

60 2271 116 2333 lere
138 2276 288 2350 continet,
313 2282 343 2335 et
357 2275 473 2334 veritati
488 2275 648 2354 proximam
669 2274 823 2351 imaginem
840 2273 949 2342 reddit;
975 2275 1056 2334 ideo·

62 2373 110 2434 qne
125 2361 163 2419 ita
183 2367 230 2419 est
246 2358 413 2435 celebrata,
436 2366 466 2418 ut
490 2359 641 2440 plerisque
657 2359 807 2418 uideretur
828 2359 863 2417 ad
879 2357 1057 2419 formandam

63 2439 253 2520 eloquentiam
268 2442 317 2502 vel
334 2442 399 2502 sola
415 2441 564 2502 sulficere.
597 2439 701 2521 Neque
718 2443 793 2501 enirn
810 2442 900 2502 virtus
919 2442 977 2503 ulla
989 2461 1056 2522 per·

62 2533 158 2600 petuas
177 2527 318 2587 duntaxat
333 2526 472 2586 orationis
493 2527 618 2605 reperiri
632 2534 749 2605 potest,
771 2543 847 2605 quae
868 2527 977 2586 nonsit
993 2544 1058 2586 cum

63 2605 109 2668 luc
124 2610 241 2671 dicendi
255 2607 441 2670 meditatione
459 2609 625 2670 communis.
656 2607 701 2669 Eo
712 2609 829 2688 quidem
840 2627 889 2668 res
902 2611 957 2669 ista
972 2610 1087 2689 culpat

65 2689 221 2754 docentium
236 2693 356 2770 recidit,
378 2703 408 2754 ut
431 2695 506 2753 inter
520 2694 712 2774 praecipuas,
737 2711 811 2772 quae
838 2703 1058 2773 corrumperent

66 2773 271 2854 eloquentiam,
289 2793 392 2838 causas
410 2775 529 2838 licentia
545 2785 632 2857 atque
647 2774 761 2838 inscitia
777 2777 999 2837 declamantium
1014 2777 1057 2837 lu-

66 2857 120 2918 erit.
158 2860 221 2922 Sed
237 2877 291 2938 eo,
315 2863 393 2942 quod
414 2870 515 2922 natura
530 2861 636 2922 bouum
652 2870 715 2938 est,
731 2861 808 2921 hene
825 2862 866 2920 uti
882 2859 961 2921 licet.
996 2862 1088 2924 sinte

68 2957 129 3019 ergo
146 2954 176 3005 ιι
190 2945 274 3024 ipsae
290 2947 441 3023 materiae,
458 2963 533 3028 quae
551 2945 709 3023 tingentur,
729 2961 814 3026 quam
829 2945 992 3007 simillimae
1007 2965 1058 3006 ve·

17 3053 19 3080 r
67 3024 168 3104 rarus,
192 3037 223 3088 ιι
238 3029 429 3106 declamatio,
452 3031 481 3088 in
503 3039 638 3110 quantum
657 3030 780 3092 maxime
795 3038 911 3110 potest,
932 3030 1059 3090 imitetur

69 3123 110 3162 ι’·
126 3114 274 3188 actiones,
297 3115 326 3172 in
350 3131 469 3194 quarum
493 3115 732 3175 exercitationem
752 3122 872 3192 reperta
896 3123 950 3174 est.
984 3112 1086 3174 Namtr

67 3207 73 3246 ¹
113 3212 164 3272 poc
178 3204 209 3256 et
223 3197 424 3276 pestilentium
440 3207 470 3258 et
484 3217 634 3278 responso
649 3207 678 3259 et
692 3199 848 3260 cocciores
863 3200 990 3278 tropicis
1007 3217 1058 3258 uc·

68 3289 73 3332 t
117 3297 170 3340 cos
193 3277 307 3359 aliaque
324 3283 415 3361 magis
438 3281 531 3350 adhuc
551 3281 685 3343 fabulosa
705 3281 812 3342 lrustra
835 3284 910 3341 iuter
925 3281 1058 3361 sponsio·

69 3373 73 3412 t
137 3371 165 3422 ιι
186 3364 339 3428 interdicta
362 3383 546 3448 quaeremus.
586 3366 661 3439 Quid
683 3363 777 3444 ergo?
811 3364 962 3443 Nunquam
983 3364 1059 3425 haec

71 3459 73 3493 t
121 3462 150 3506 ra
170 3447 256 3510 fldem
279 3459 309 3510 ιι
322 3452 456 3530 poetica,
477 3459 508 3512 ut
522 3468 594 3511 vere
610 3450 743 3528 dixerim,
766 3449 892 3510 themata
907 3447 1058 3510 iuvenibus
