2470 3962
177 221 239 284 250
495 228 858 289 nuncupabantur

177 388 277 464 Decii,
303 385 390 446 Mucii
411 384 519 463 aliique
540 379 786 444 innumerabiles?
814 380 956 456 Quantum
978 383 1055 442 enim
1073 382 1175 444 Graeci

178 469 345 552 praeceptis
362 468 476 544 valeat,
501 476 608 528 tanturn
622 465 760 542 llomani,
781 465 858 544 quod
880 475 927 526 est
944 467 1052 542 maius,
1080 485 1175 526 exem·

130 567 165 620 31
176 555 242 635 plis.
275 553 452 631 Tantumque
468 567 525 610 non
547 549 672 628 cognitis
694 549 744 609 ille
760 548 848 608 rebus
867 549 1029 628 adquierit,
1056 552 1107 628 qui
1122 567 1177 609 nou

174 638 260 699 modo
284 637 444 717 proximum
466 643 579 712 tempas
601 632 755 712 lucemque
781 641 964 711 praesentem
981 633 1087 692 intueri
1109 635 1176 693 satis

175 723 276 783 credat
295 720 348 781 sed
368 736 480 782 omnem
502 717 680 797 posteritatis
701 716 867 776 memoriam
889 717 1012 795 spatium
1030 717 1112 776 vitae
1128 717 1176 776 bo·

174 814 276 866 nestas
292 812 322 864 et
337 800 509 864 curriculum
524 799 616 864 laudis
631 799 787 860 existimet.
813 798 887 860 Hinc
900 798 968 861 mihi
983 799 1035 860 ille
1052 800 1177 860 iustitiae

174 889 293 948 haustus
306 884 404 962 bibat,
427 885 493 946 binc
508 892 648 962 sumptam
665 881 827 943 libertatem
844 883 872 942 iu
887 883 982 944 causis
1001 891 1092 961 atque
1111 899 1176 942 aon·

174 971 246 1032 siliis
262 977 402 1050 praestet.
427 967 531 1049 Neque
547 968 602 1028 erit
616 966 768 1046 perlectus
785 974 900 1044 orator,
915 967 970 1026 nisi
987 968 1037 1045 qui
1052 965 1176 1027 honeste
1223 949 1225 990 ¹

117 1117 127 1132 ,
172 1055 273 1115 dicere
290 1061 319 1114 et
335 1054 409 1113 sciet
425 1061 454 1112 ct
469 1051 595 1113 audebit.
700 1053 701 1057 ’

240 1202 470 1258 ΝΕΟΕὸὃΑΒΙΑΜ
497 1201 582 1254 rums
609 1200 726 1255 GlVlLlS
748 1199 893 1252 ORATORl
917 1197 1110 1252 sclalistati.

256 1300 307 1382 lll.
329 1299 401 1360 luri
408 1317 422 1359 s
438 1315 554 1377 quoque
570 1299 702 1360 civilis
719 1296 889 1357 necessaria
900 1293 1043 1358 buicviro
1055 1297 1176 1358 scientia
1224 1329 1225 1334 κ

173 1394 220 1445 est
239 1393 267 1444 et
283 1399 393 1443 morum
414 1399 448 1442 ao
466 1382 637 1460 religionum
653 1383 717 1443 eius
731 1381 774 1440 rei
792 1379 947 1459 publicae,
969 1398 1057 1459 quarn
1073 1399 1174 1459 capes·

173 1477 241 1536 set,
264 1466 336 1526 llam
353 1464 447 1545 qualis
469 1483 536 1526 esse
553 1483 656 1527 suasor
676 1465 705 1524 in
721 1465 850 1525 consiliis
867 1461 993 1544 publicis
1016 1464 1175 1542 privatisve

173 1551 281 1630 poterit
297 1557 340 1609 tot
355 1566 468 1624 rerum,
485 1547 589 1626 quibus
605 1548 766 1629 praecipue
783 1547 885 1608 civitas
903 1547 1080 1622 continetur,
1098 1548 1175 1625 igna-

173 1631 243 1694 rus?
273 1631 337 1707 Quo
361 1641 456 1692 autem
473 1631 559 1692 modo
575 1642 726 1711 patronum
743 1649 777 1691 se
795 1647 945 1691 causarum
961 1647 1020 1690 nou
1042 1629 1121 1692 falso
1137 1630 1174 1690 di·

173 1719 266 1792 uerit,
289 1717 353 1795 qui,
378 1714 455 1794 quod
472 1723 518 1776 est
538 1715 677 1777 incensis
694 1713 877 1793 potentissirn
932 1757 941 1789 ,
964 1714 1001 1774 sit
1022 1712 1060 1774 ab
1083 1714 1175 1775 altero

173 1802 329 1880 petiturus,
361 1816 456 1878 paene
477 1814 534 1858 uon
559 1799 706 1860 dissimilis
727 1799 779 1875 iis,
814 1798 862 1876 quui
878 1732 1043 1876 ¹*damarum
1068 1799 1175 1877 scripta

143 1879 378 1965 apronuutlantl
407 1880 479 1942 Nam
503 1882 715 1960 quodammodo
738 1881 868 1943 mandata
892 1880 1043 1960 perferet,
1075 1890 1107 1941 et
1131 1898 1173 1956 ea,

174 1966 320 2048 quaesibi
343 1983 360 2026 a
380 1965 475 2026 iudice
497 1964 578 2027 credi
594 1965 791 2044 postulaturus
807 1973 867 2039 est,
894 1963 988 2024 aliena
1009 1963 1069 2024 lide
1086 1963 1173 2040 dicet,

174 2051 288 2128 etipse
313 2049 481 2126 litigantium
504 2048 656 2111 auxiliator
679 2047 778 2126 egebit
799 2045 916 2108 auxilio.
950 2046 1036 2121 Quod
1057 2057 1089 2108 nt
1115 2047 1174 2109 fieri

172 2149 372 2211 nonnunquam
387 2133 497 2192 minore
514 2132 695 2192 incommodo
711 2131 822 2212 possit,
841 2149 905 2192 curu
920 2131 996 2191 domi
1012 2140 1175 2211 praecepta

156 2227 202 2278 et
226 2217 387 2295 composita
413 2225 443 2276 et
470 2217 544 2276 sicut
564 2224 680 2293 cetera,
716 2232 790 2294 quae
806 2216 835 2274 in
857 2232 943 2276 causa
965 2223 1049 2289 sunt,
1085 2216 1114 2275 in
1134 2215 1174 2275 di·

173 2299 283 2361 scendo
307 2299 422 2376 cognita
445 2299 480 2360 ad
503 2299 626 2360 iudicem
649 2299 795 2377 perteret:
820 2298 888 2377 quid
909 2298 958 2358 liet
978 2299 1006 2357 in
1028 2299 1064 2357 iis
1087 2317 1173 2378 quae·

173 2381 331 2457 stionibus,
348 2399 423 2461 quae
441 2381 536 2442 sabito
553 2383 627 2444 inter
641 2383 720 2461 ipsas
737 2383 869 2442 actiones
883 2381 963 2441 nasci
982 2381 1103 2442 solent?
1119 2399 1174 2442 non

173 2465 343 2526 deformiter
359 2473 509 2544 respectet
524 2474 554 2525 et
568 2466 643 2526 inter
658 2464 798 2526 subsellia
814 2465 940 2524 minores
957 2464 1121 2526 advocatos
1134 2467 1173 2525 in·

140 2545 323 2625 3terroget'l
350 2547 450 2610 Potest
466 2557 561 2611 autem
584 2550 654 2609 satis
671 2549 827 2626 diligenter
843 2549 999 2626 accipere,
1023 2557 1174 2628 quactum
1222 2609 1223 2632 ἶ

173 2633 285 2707 audiet,
310 2649 373 2693 aum
393 2633 421 2692 ei
442 2631 564 2693 dicenda
585 2640 668 2708 sunt,
693 2641 740 2692 aut
761 2632 874 2691 fortiter
896 2629 1040 2692 affirmare
1062 2642 1112 2692 aut
1133 2633 1173 2692 in·
1222 2639 1223 2704 ξ

172 2733 268 2794 genae
288 2732 343 2795 pro
365 2716 425 2777 suis
446 2713 567 2776 dicere?
601 2715 697 2776 Possit
718 2715 747 2774 in
774 2713 951 2776 actionibus:
981 2715 1050 2794 quid
1075 2716 1125 2775 liet
1145 2719 1173 2775 in

172 2800 374 2875 altercatione,
392 2799 439 2860 ubi
451 2799 660 2860 occurrendum
672 2799 819 2875 contiuuo,
834 2816 890 2858 nec
905 2797 999 2858 libera
1011 2798 1047 2858 ad
1059 2799 1172 2860 discen·

171 2883 236 2942 dum
260 2898 340 2944 mora
356 2879 421 2943 esti
456 2881 546 2960 Quid,
570 2883 596 2942 si
613 2882 690 2944 lorte
705 2883 815 2960 peritus
837 2882 906 2941 iuris
921 2880 970 2942 ille
986 2898 1044 2943 nou
1059 2879 1172 2943 aderit?

172 2963 263 3040 Quid,
288 2967 312 3025 si
337 2966 401 3044 quis
424 2981 481 3025 non
497 2967 566 3027 satis
582 2966 610 3025 in
628 2983 663 3026 ea
679 2982 712 3026 re
732 2963 835 3026 doctus
858 2964 960 3025 laisum
980 2965 1089 3044 aliquid
1106 2966 1171 3026 sub·

173 3045 295 3110 iecerit?
329 3047 392 3109 lloc
414 3049 490 3109 enim
511 3058 557 3109 est
581 3049 731 3110 maximum
752 3049 930 3126 ignorantiae
951 3048 1071 3124 malum,
1095 3049 1171 3128 quod

143 3132 266 3196 teredii
283 3150 347 3194 eum
362 3133 456 3209 scire,
478 3133 526 3211 qui
540 3141 666 3193 moneat.
702 3130 806 3211 Neque
824 3149 882 3210 ego
898 3150 959 3192 sum
976 3133 1068 3192 nostri
1083 3132 1169 3192 moris

17 3227 21 3234 '
129 3247 133 3251 -
173 3217 290 3293 ignaras
305 3215 451 3276 oblitusve
467 3232 585 3292 eorum,
608 3216 657 3295 qui
671 3214 752 3277 velut
766 3214 802 3277 ad
818 3215 931 3276 arculas
946 3215 1051 3276 sedent
1067 3225 1098 3276 et
1112 3215 1169 3276 tela

173 3299 325 3378 agentibus
346 3299 584 3377 sumministrant,
611 3316 706 3378 neque
729 3300 806 3361 idem
827 3297 957 3378 Graecos
980 3316 1099 3380 quoque
1121 3318 1168 3359 ne·

173 3384 236 3442 scio
251 3383 416 3459 lectitasse,
441 3383 516 3445 nude
533 3400 637 3444 nomen
651 3384 695 3444 bis
715 3385 978 3464 pragmaticorum
1000 3383 1097 3445 datum
1115 3391 1167 3442 est.

173 3465 232 3523 Sed
248 3465 353 3544 loquor
368 3467 404 3527 de
420 3475 554 3545 oratore,
571 3468 619 3547 qui
633 3484 691 3529 nau
707 3467 963 3544 clamoremmodo
970 3485 1059 3564 guum
1074 3467 1168 3528 causis
