2470 3962
181 229 242 292 246
493 240 854 300 u.uns.ou1un1u1xn1

150 395 291 464 evidetur
307 395 334 453 in
350 397 539 474 possessione
554 414 650 456 earum
665 411 760 455 rerum
780 395 882 454 inisse.
911 393 985 456 Hine
1005 397 1092 456 etiam
1110 397 1178 460 illud

180 489 240 554 est,
265 478 343 556 quod
360 475 464 538 Cicero
485 478 614 558 pluribus
630 487 659 538 et
673 478 754 539 libris
774 487 803 537 et
824 478 959 557 epistolis
975 488 1116 556 testatur,
1138 483 1177 542 di·

179 560 262 623 cendi
283 560 450 622 facultatem
471 581 508 623 ex
527 563 632 622 intimis
648 563 807 642 sapientiae
823 560 950 640 fontibus
967 563 1076 639 liuere,
1099 565 1177 625 ideo·

178 663 234 724 que
267 645 439 723 aliquamdiu
463 655 673 726 praeceptores
697 644 817 706 eosdem
840 645 932 706 fuisse
957 663 1068 706 morum
1093 656 1178 727 atque

178 728 302 790 dicendi.
341 727 526 808 Quapropter
546 729 621 790 haec
646 729 809 789 exhortatio
831 745 895 789 mea
910 745 968 789 non
988 747 1026 790 eo
1043 733 1178 808 pertinet,

177 822 207 873 ut
224 831 291 872 esse
309 821 454 872 oratorem
476 813 682 893 philosophum
697 812 800 888 velim,
823 813 936 891 quando
954 829 1012 872 non
1030 813 1086 874 alia
1104 817 1179 875 vitae

177 905 259 957 secta
283 895 399 973 longius
421 914 437 956 a
454 896 586 957 civilibus
602 895 707 958 officiis
724 904 811 974 atque
826 895 862 956 ab
886 897 962 956 omni
979 913 1101 957 munere
1116 916 1178 959 ora·

133 981 249 1040 ·itoris
270 981 405 1039 recessit.
443 977 515 1039 Num
536 981 600 1059 quis
622 979 864 1058 philosophorum
880 987 927 1039 aut
943 982 971 1039 in
991 981 1106 1041 iudiciis
1121 982 1179 1042 ire·
1218 983 1220 1018 ⁴

177 1080 269 1142 quens
291 1072 338 1123 aut
359 1061 457 1124 clarus
478 1064 507 1123 in
529 1063 711 1124 contionibus
727 1060 801 1124 tutrt
830 1061 901 1137 Quis
917 1063 1044 1142 denique
1059 1066 1089 1124 in
1105 1067 1178 1143 ipsa,

177 1163 260 1224 quam
276 1147 398 1206 menime
414 1146 549 1225 plerique
565 1148 762 1226 praecipiunt,
785 1147 828 1207 rei
845 1146 979 1225 publicae
1001 1147 1179 1210 administra·
1219 1197 1220 1202 1

176 1231 254 1289 tione
272 1237 406 1290 versatus
424 1227 492 1290 est?
523 1229 611 1309 Atqui
627 1247 685 1308 ego
704 1230 802 1306 illum,
819 1247 905 1309 quem
921 1231 1057 1307 instituo,
1073 1231 1179 1293 Roma·

176 1331 240 1373 num
265 1313 406 1391 quendam
426 1312 513 1373 velim
536 1332 604 1374 esse
627 1315 803 1394 sapientem,
829 1315 878 1392 qui
898 1329 955 1375 nou
976 1316 1102 1375 secretis
1123 1317 1178 1376 dis·

175 1396 371 1478 putationibus
398 1397 451 1458 sed
477 1415 573 1458 rerum
601 1399 807 1477 experimentis
831 1406 918 1477 atque
946 1398 1086 1476 operibus
1110 1419 1179 1461 vere

146 1480 291 1542 &ciuilem
307 1481 398 1540 virum
417 1479 562 1541 exhibeat.
594 1482 653 1543 Sed
669 1482 737 1562 quia
754 1481 871 1542 deserte
891 1481 927 1542 ab
943 1481 1003 1558 his,
1028 1483 1078 1561 qui
1094 1502 1129 1543 se
1144 1485 1179 1543 ad

176 1563 371 1642 eloquentiam
397 1562 597 1640 contuleruut,
619 1566 713 1627 studia
734 1565 894 1644 sapientiae
915 1580 972 1625 nou
989 1565 1045 1625 iam
1066 1568 1096 1626 iu
1113 1576 1179 1628 actu

176 1662 230 1707 suo
251 1655 337 1725 atque
358 1648 387 1706 in
408 1645 463 1707 hac
485 1647 542 1708 iori
564 1648 631 1708 luce
650 1657 803 1710 versantur
823 1649 877 1710 sed
898 1650 926 1708 in
947 1651 1077 1728 portione
1102 1659 1131 1710 et
1150 1653 1179 1710 in

175 1732 322 1808 gymnasia
337 1731 474 1810 primum,
491 1727 558 1791 mo'x
573 1734 601 1792 in
619 1741 778 1793 conventus
793 1731 959 1794 scholarum
973 1745 1177 1794 recesserunt:

175 1815 220 1890 id,
238 1815 316 1894 quod
332 1823 377 1875 est
397 1817 506 1876 oratori
524 1817 722 1876 necessarium
737 1834 793 1877 nec
808 1834 825 1877 a
841 1816 956 1877 dicendi
976 1820 1178 1897 praeceptori-

176 1897 230 1958 bus
249 1900 387 1976 traditur,
410 1897 445 1960 ab
463 1900 498 1959 iis
513 1909 616 1979 petere
632 1901 761 1960 nimirum
779 1917 905 1960 necesse
921 1909 988 1976 est,
1010 1902 1087 1978 a'pud
1105 1917 1177 1980 quos

176 1983 328 2059 remansit,
346 1981 515 2046 evolvendis
528 1984 642 2062 penitus
658 1983 835 2060 auctoribus,
856 1985 904 2063 qui
919 1983 956 2044 dc
970 1984 1077 2044 virtute
1093 2003 1177 2064 prae·

177 2066 299 2142 cipiunt:
332 2073 362 2125 ut
386 2067 510 2127 oratoris
532 2068 592 2127 vita
618 2084 682 2128 cum
702 2067 823 2128 scientia
842 2067 999 2129 diuinorum
1019 2085 1119 2128 rerum
1143 2070 1179 2128 sit

146 2148 416 2227 ihumauarumque
439 2152 600 2211 coniuncta.
641 2149 724 2226 Quae
745 2151 829 2230 ipsae
857 2159 963 2230 quanto
988 2153 1118 2212 maiores
1144 2171 1178 2212 ao

176 2231 359 2312 pulchriores
374 2234 558 2310 viderentur,
580 2234 605 2296 si
620 2233 721 2295 illasii
736 2233 887 2310 docerent,
908 2236 956 2314 qui
975 2236 1061 2294 etiam
1077 2236 1177 2316 eloqui

175 2317 422 2393 praestantissime
438 2313 580 2395 possent?
600 2316 772 2397 Utinamque
788 2319 826 2378 sit
839 2327 952 2398 tempus
966 2336 1103 2398 unquam,
1121 2336 1177 2398 qno
1220 2397 1221 2400 Ἴ

175 2398 325 2477 perlectus
347 2400 466 2478 aliquis,
491 2400 605 2480 qualem
621 2411 772 2480 optamus,
804 2411 903 2463 orator
920 2402 994 2464 hanc
1017 2412 1110 2463 artem
1131 2421 1177 2462 su·
1220 2403 1221 2416 ¹

175 2480 267 2559 penho
283 2483 397 2541 nomine
421 2491 450 2542 et
471 2487 548 2544 vitiis
566 2486 744 2563 quorundam
762 2485 838 2546 bona
856 2487 919 2547 eius
934 2489 1178 2565 corrumpentium

174 2566 294 2626 invisam
309 2565 436 2627 vindicet
450 2567 505 2628 sibi
521 2586 566 2643 ac,
584 2568 665 2630 velut
680 2569 767 2630 rebus
783 2570 927 2648 repetitis,
945 2572 974 2629 in
989 2586 1099 2648 corpus
1116 2570 1177 2631 elo·
1219 2569 1221 2592 '

136 2649 309 2727 loquentiae
330 2649 463 2710 adducat.
498 2651 580 2727 Quae
601 2652 716 2731 quidem
737 2654 856 2714 comsit
878 2655 906 2714 in
926 2655 978 2714 tris
996 2653 1088 2715 divise
1110 2671 1177 2733 par·

174 2741 236 2809 tes,
260 2733 483 2811 naturalem,
509 2737 698 2813 moralem,
720 2737 955 2798 rationalem:
983 2755 1040 2820 qua
1060 2737 1176 2797 tandem

174 2826 292 2876 nonest
308 2835 372 2877 cum
388 2819 513 2880 oratoris
528 2835 620 2898 opere
637 2817 809 2882 coniuncta?

258 2898 331 2960 Nam
347 2910 377 2961 ut
392 2901 521 2963 ordinem
537 2911 616 2963 retro
633 2920 761 2982 agamus,
777 2905 813 2964 de
828 2903 925 2965 ultima
942 2905 1007 2980 illa,
1023 2921 1098 2982 quae
1115 2911 1175 2962 tota

174 2990 307 3043 versatur
319 2985 348 3043 in
363 2984 476 3064 verbis,
493 3003 577 3047 nemo
593 2985 777 3066 dubitaverit,
793 2989 819 3048 si
835 2996 864 3048 et
878 2991 1076 3068 proprietates
1090 2987 1175 3047 vocis

176 3066 315 3146 cuiusque
339 3084 427 3129 nosse
450 3077 480 3130 et
505 3070 637 3148 ambigue
659 3073 773 3150 aperire
797 3080 826 3132 et
842 3071 984 3152 perplexa
1005 3073 1175 3133 discernere

176 3149 256 3210 etde
274 3150 355 3212 falsis
377 3153 506 3215 iudicare
527 3163 556 3214 et
572 3155 715 3233 colligere
736 3173 770 3216 ac
789 3155 960 3233 resolvere,
988 3153 1173 3235 quaerelis,

136 3242 321 3296 lloratorum
345 3245 400 3296 est.
435 3235 603 3316 Quanquam
619 3257 653 3300 ea
668 3257 726 3299 non
740 3245 797 3300 tato
819 3248 864 3300 est
878 3241 983 3300 minute
999 3247 1089 3319 atque
1104 3255 1173 3298 oon·

176 3319 237 3378 eise
253 3320 281 3378 in
298 3319 458 3383 actionibus
474 3322 608 3381 utendum
626 3340 710 3402 quam
725 3324 754 3384 in
769 3323 1018 3403 disputationibus,
1035 3324 1101 3402 quin
1117 3337 1173 3380 non

175 3400 285 3462 dooere
302 3403 387 3464 modo
400 3405 452 3466 sed
468 3422 588 3465 movere
602 3409 686 3467 etiam
702 3425 736 3467 ac
751 3405 901 3468 delectare
919 3406 1068 3470 audientes
1084 3403 1175 3465 debet

176 3492 290 3560 orator,
318 3486 353 3546 ad
376 3487 453 3565 quod
474 3489 582 3568 impetu
608 3509 725 3571 quoque
750 3510 785 3553 ac
807 3491 916 3552 viribus
939 3498 968 3551 et
995 3491 1104 3551 decore
1128 3495 1175 3547 est
