2446 3962
279 151 382 198 mss.
405 150 554 198 osunen.
576 151 646 198 um.
662 151 713 216 111,
725 147 752 200 8.
883 161 890 174 ⁸
966 140 1023 201 143

61 304 111 380 iiii,
124 315 264 384 parentes,
280 306 401 381 divites,
421 323 523 380 senes,
541 306 653 383 asperi,
672 305 770 382 leues,
792 309 881 383 avari,
898 307 1023 386 denique
1129 347 1133 356 «

58 391 235 466 superstitiosi,
258 389 363 464 timidi,
392 389 538 448 derisores
565 389 649 456 irunt;
677 398 708 448 ut
733 389 782 448 vix
808 392 1023 451 comoediarum

58 473 175 532 autoribus
199 473 297 552 piures
326 472 438 532 habitus
464 475 493 531 in
520 473 730 551 pronuntiando
758 475 941 553 concipiendi
967 476 1023 544 sint

59 571 122 633 poam
137 557 176 616 his
190 560 217 617 iu
232 557 365 617 dicendo.
407 554 488 629 Quae
504 558 598 616 omnia
620 565 743 634 possunt
763 557 856 618 videri
878 576 1022 637 prosopo·
1034 577 1067 629 52
1078 579 1106 597 ··

26 695 28 712 ,
57 642 153 715 posiae,
171 659 251 719 quarn
267 658 324 718 ego
339 642 478 700 suasoriis
495 639 622 715 subieci,
644 642 711 717 quia
725 641 805 700 nullo
820 641 907 702 modo
924 642 960 702 ab
979 642 1024 702 his

26 749 28 802 3
59 739 122 799 puan
140 731 260 802 persona
282 725 377 784 distat.
424 722 594 802 Quanquam
616 724 690 784 lraec
710 725 865 802 aliquando
888 728 973 785 etiam
996 729 1026 785 in

26 833 27 836 ¹
58 810 243 869 nonnosersias
265 809 394 884 ducitur,
417 826 492 885 quae
517 825 554 866 ex
578 807 707 867 historiis
733 812 914 886 compositae
937 812 1025 868 certis

58 893 173 964 egentium
188 892 349 952 nominibus
367 893 556 951 eontinentur.
590 889 694 969 Neque
710 894 831 969 ignoro,
854 893 1069 971 plerumque53

56 976 243 1037 exercitationis
258 977 353 1054 gratia
367 977 478 1054 puniet
493 976 626 1054 poeticas
640 984 669 1034 ct
683 975 850 1053 historicas,
866 987 898 1037 ut
909 976 1029 1039 Priami

55 1058 128 1119 uodo
142 1063 222 1140 opud
237 1057 385 1122 Aetoliam
404 1069 452 1120 aut
467 1058 576 1122 Stellae
592 1060 780 1121 dictaturam
798 1061 977 1140 deponentis
994 1063 1027 1122 lte

55 1143 172 1208 mollone.
212 1144 272 1205 Sed
292 1144 366 1203 haec
390 1145 419 1200 in
444 1152 556 1220 partem
581 1142 686 1202 cedent
707 1145 789 1202 trium
812 1162 969 1220 generum,
998 1147 1027 1203 in

26 1221 30 1284 l
54 1240 111 1300 puae
124 1231 218 1288 causas
234 1229 393 1290 divisimus.
430 1225 503 1287 Nam
523 1235 553 1286 et
567 1243 692 1303 rogare,
714 1227 860 1302 indicare,
883 1229 1026 1287 rationem

26 1289 31 1396 ,d
53 1307 151 1370 reddere
165 1322 192 1372 et
206 1313 280 1388 alia,
304 1312 340 1372 de
363 1311 465 1388 quihus
481 1327 568 1388 supra
584 1309 690 1370 dietum
712 1320 772 1386 est,
796 1313 877 1370 varie
893 1320 980 1388 atque
995 1320 1025 1370 ut

26 1397 30 1472 p
53 1408 90 1450 res
111 1396 212 1456 tulitin
239 1397 361 1456 materia
382 1394 527 1470 iudiciali,
558 1392 762 1470 deliberativa,
787 1395 1023 1470 demonstrativa,

26 1475 29 1552 ι
55 1475 163 1538 solemus.
198 1480 447 1558 Frequentissime
468 1494 540 1538 vero
561 1479 591 1536 iu
610 1476 655 1536 his
675 1479 780 1537 utimur
800 1479 867 1556 liuta
885 1487 1069 1557 persona-54

26 1555 28 1620 ἶ
54 1574 112 1636 run,
132 1581 196 1641 quas
218 1566 277 1644 ipsi
299 1563 513 1639 substituimus,
537 1563 685 1637 oratione,
708 1571 739 1621 ut
760 1562 835 1638 apud
853 1560 1027 1621 Ciceronem

26 1641 29 1714 ξ
56 1657 95 1714 pro
108 1641 195 1708 Caelio
212 1646 346 1708 clodium
362 1655 391 1706 et
407 1663 514 1706 caecus
531 1645 643 1723 Appius
662 1655 691 1704 et
707 1642 827 1704 clodius
845 1645 952 1722 frater,
974 1645 1026 1704 ille

26 1741 28 1826 p
56 1722 290 1866 ipleastigationem
311 1730 359 1790 hic
381 1731 408 1789 in
431 1729 661 1789 exhortationem
677 1731 812 1788 vitiorum
836 1731 1025 1808 compositus,

26 1833 28 1858 ι
54 1817 187 1875 aeuitur.

26 1863 29 1900 ’
99 1830 209 1959 qSolent
231 1902 264 1958 in
285 1897 393 1957 scholis
416 1897 484 1974 lingi
507 1896 644 1956 materiae
662 1895 697 1955 ad
713 1894 931 1954 deliberandum
948 1895 1068 1962 simi-55

49 1973 119 2038 liores
137 1984 345 2044 controversiis
366 1999 404 2041 ex
423 1990 548 2058 utroque
564 1997 675 2056 genere
698 1981 887 2055 commixtae,
909 1988 940 2038 ut
962 1997 1026 2039 eum

48 2063 108 2136 apud
125 2063 155 2124 (i.
176 2064 336 2127 caesarem
359 2064 533 2126 consultatio
554 2064 591 2124 de
614 2081 708 2142 poena
732 2063 877 2123 Theodoti
899 2065 1024 2141 ponitur.

47 2138 147 2208 Constat
161 2153 234 2212 enim
250 2150 440 2210 accusatione
457 2157 485 2207 et
501 2147 672 2207 defensione
689 2165 776 2206 causa
792 2150 871 2222 eius,
889 2146 965 2223 quod
982 2155 1027 2204 est

46 2225 198 2294 iudicialium
213 2234 375 2314 proprium.
407 2231 552 2292 Permixta
567 2241 662 2290 tamen
681 2240 725 2290 est
744 2240 772 2290 et
787 2230 918 2289 utilitatis
936 2231 1070 2296 ratio:56

26 2306 80 2371 'Aa
96 2333 149 2394 pro
171 2317 312 2380 Caesare
332 2318 427 2396 fuerit
440 2317 543 2377 oeelult'
564 2313 762 2394 Pompeium?
795 2310 844 2374 An
862 2315 1028 2376 timendum

26 2369 141 2502 {saepe
161 2404 289 2478 bellum,
312 2403 340 2462 εἰ
360 2399 528 2462 Theodotus
551 2401 588 2460 sll
606 2400 750 2461 occisus?
782 2395 831 2458 An
852 2399 887 2458 ld
907 2399 1028 2458 minime

26 2493 225 2568 gospertonum
248 2489 307 2548 loe
329 2493 462 2563 ternpore
483 2491 511 2544 et
529 2485 735 2561 periculosum
758 2491 786 2544 et
808 2492 890 2543 certe
908 2483 1028 2559 lonpum

26 2573 27 2642 j
47 2562 76 2622 tt'l
85 2566 236 2642 ficturum?
264 2569 419 2643 Quaeritur
434 2577 463 2627 et
479 2567 515 2626 de
530 2567 671 2627 honesto:
692 2565 849 2628 Deeeotne
862 2563 1070 2630 Caesonemsl

26 2657 28 2724 t
48 2645 105 2710 ultio
117 2650 274 2733 Pompeii?
303 2649 352 2714 An
370 2655 409 2713 sil
424 2653 607 2726 uerendum,
628 2671 668 2711 ne
676 2652 814 2729 peiorem
833 2650 934 2727 factm
955 2666 1029 2708 suo-

26 2742 252 2814 mappulum
279 2755 422 2811 consum,
442 2738 471 2796 ss'
491 2733 663 2813 Pompeium
686 2735 844 2812 lndlpnum
862 2741 957 2793 morte
977 2732 1029 2809 fa-

26 2835 28 2898 ξ
48 2818 151 2879 lentur?
186 2821 276 2896 Quod
291 2838 383 2899 genus
400 2818 534 2878 accidere
551 2820 636 2878 etiam
651 2819 765 2877 veritati
779 2824 887 2895 potest.
1038 2827 1073 2880 58

112 2901 173 2964 Nun
194 2904 323 2986 simplex
343 2914 438 2964 autem
460 2906 538 2963 circa
563 2903 709 2962 suasorias
733 2918 816 2960 error
835 2902 864 2960 in
879 2899 1030 2977 plerisque

26 2993 27 3000 ¹
46 2979 275 3049 declamatoribus
297 2989 366 3064 fuit,
396 2988 444 3066 qui
466 2987 611 3046 dicendi
632 3003 749 3062 genus
772 2987 799 3044 in
816 2984 860 3044 his
885 2984 1030 3067 diversum

26 3073 118 3144 'tipus
132 3073 159 3132 in
180 3083 275 3134 totum
295 3073 337 3133 illi
359 3071 485 3131 iudiciali
501 3071 674 3130 contrarium
696 3087 762 3128 esse
783 3069 1028 3128 existimaverunt.

46 3143 82 3208 Na
118 3164 145 3215 et
159 3160 305 3236 principia
321 3155 443 3233 abrupta
459 3164 488 3215 et
504 3156 677 3214 concitatum
692 3171 810 3231 semper
826 3153 985 3211 orationem
1002 3156 1030 3207 et

27 3228 68 3288 ln
110 3238 172 3300 urbis
195 3241 388 3324 effusiorem,
409 3248 439 3298 ut
456 3239 512 3317 ipsi
532 3246 653 3312 vocant,
679 3239 790 3298 cultum
810 3235 1029 3305 affectaverunt,

26 3337 28 3376 ῒ
46 3323 70 3373 et
112 3341 172 3384 rurn
186 3324 343 3385 breviores
364 3324 464 3402 utique
480 3323 702 3383 commentarios
719 3339 803 3399 quarn
819 3319 925 3396 legalis
941 3323 1029 3375 unate-

26 3397 80 3458 15³
118 3405 209 3468 ''ere
231 3408 427 3470 elaborarunt.
463 3407 528 3484 Ego
544 3420 633 3485 porro
654 3414 684 3464 ut
702 3406 852 3483 prooemio
868 3401 955 3460 video
973 3406 1073 3460 nont>9
