2436 3956
184 196 219 257 10
490 209 525 256 m.
542 207 621 256 aaa.
639 208 858 268 ournnrnmrn

181 360 255 419 nium
276 360 304 417 in
319 359 406 418 lilium
428 360 641 437 peregrinitatis
662 379 742 421 reum
758 362 839 430 dixit;
863 380 942 439 eum,
964 362 1013 439 qui
1029 361 1121 440 lilium
1140 362 1182 423 le·

181 443 246 501 noni
267 441 403 503 vendidit.
445 440 477 501 ln
492 443 564 517 boc,
594 444 630 503 de
657 461 714 523 quo
737 443 895 522 loquimur,
923 453 1006 522 patre
1033 446 1104 522 quid
1131 463 1182 524 ap·

132 534 171 613 pt
181 525 319 604 prehendi
335 523 453 603 potest?
496 525 651 586 Damnatus
667 534 721 585 est.
754 526 895 606 Numquid
909 528 996 604 igitur
1012 527 1061 586 lex
1076 527 1117 586 ad
1133 528 1182 588 ab·

179 608 290 668 solutos
305 617 411 668 tantum
429 617 527 686 patres
542 607 686 686 pertinet?
721 609 799 670 Dura
815 613 904 688 prima
919 610 1015 670 fronte
1032 613 1180 687 quaestio.

178 689 243 751 Non
257 690 460 769 desperemus;
486 691 625 752 credibile
643 701 704 768 est,
727 691 784 753 hoc
799 693 927 753 voluisse
944 692 1180 770 legumlatorem,

145 783 148 788 '
178 793 215 834 ne
230 774 335 835 auxilia
349 773 505 834 liberonun
521 775 720 834 innocentibus
737 776 883 836 deessent.
926 775 985 836 Sed
1003 776 1060 834 hoc
1075 775 1180 836 dicere

178 857 285 917 rustico
300 856 494 917 verecundum
510 867 570 932 est,
594 860 659 937 qnia
677 859 857 919 innocentem
873 859 963 918 luisse
978 868 1090 937 patrem
1106 859 1178 919 late·

128 937 232 1001 citur.
271 939 328 1000 liat
348 939 425 1001 aliud
450 950 646 1017 argumentum
670 943 883 1001 controversia:
904 940 1078 1002 Damnatus
1102 961 1178 1020 pro
1204 971 1205 1022 3

178 1022 300 1083 ditionis
321 1042 390 1083 cum
409 1025 560 1084 advocato
578 1025 687 1085 emolat.
723 1023 780 1083 Vix
801 1025 914 1084 videtur
932 1041 1021 1104 posse
1045 1024 1130 1100 lieri,
1150 1034 1178 1086 ut
1204 1079 1205 1082 ,

178 1121 272 1182 poena
293 1105 353 1164 ilio
373 1107 401 1164 in
427 1105 529 1166 eodem
545 1115 642 1184 patre,
668 1108 738 1166 etsi
760 1106 917 1167 allueritet
932 1109 956 1166 si
977 1123 1034 1166 non
1050 1106 1176 1182 affuerit,
1204 1099 1205 1110 ’

178 1190 331 1248 constituta
346 1190 393 1248 sit.
435 1188 589 1250 Praeterea
605 1190 654 1250 len
671 1191 706 1251 ad
722 1191 824 1250 exules
839 1191 917 1251 nulla
934 1192 1067 1269 pertinet.
1110 1189 1176 1250 llon

176 1289 249 1348 ergo
273 1271 412 1332 credibile
428 1281 473 1332 est
488 1273 524 1332 de
539 1272 682 1334 advocato
696 1273 817 1333 damnati
834 1275 986 1351 scriptum
1010 1291 1045 1334 an
1062 1276 1176 1350 possint
1204 1299 1205 1302 ¹

125 1357 249 1416 mentm
266 1354 340 1413 bona
363 1373 431 1414 esse
446 1355 505 1415 ulla
527 1353 644 1415 exulis?
679 1355 877 1416 Scholasticus
898 1357 927 1414 in
942 1365 1092 1433 utramque
1110 1373 1174 1434 par·

175 1446 232 1496 tem
257 1435 371 1495 dubium
390 1437 472 1505 iacit;
502 1438 627 1497 disertus
649 1447 678 1495 et
698 1438 795 1497 verbis
818 1437 994 1512 inhaerebit,
1021 1438 1173 1516 inquibus
1204 1478 1205 1510 f

86 1538 90 1546 ·
174 1519 252 1580 nulla
270 1519 405 1597 exceptio
428 1527 489 1595 est,
512 1528 541 1578 et
556 1529 677 1598 propter
692 1518 749 1580 boc
763 1522 855 1598 ipsum
876 1538 998 1599 poenam
1014 1537 1081 1579 esse
1106 1538 1172 1580 con·
1204 1523 1205 1580 i

174 1605 300 1661 stitutam
315 1603 374 1674 eis,
397 1603 516 1678 quinon
536 1601 684 1678 affuerint,
707 1621 743 1662 ne
759 1603 890 1682 periculo
909 1603 988 1663 exilii
1006 1603 1172 1662 deterream
1204 1599 1205 1646 ἓ

172 1694 218 1744 tur
229 1684 436 1758 advocatione,
451 1695 480 1746 et
492 1687 628 1746 rusticum
639 1687 784 1753 innocenti
795 1703 851 1744 non
864 1686 982 1746 affuisse
994 1685 1080 1746 dicet.
1099 1685 1172 1746 lllud
1204 1711 1205 1758 o

172 1769 301 1846 protinus
317 1784 375 1827 non
389 1768 549 1845 indignum,
566 1769 642 1848 quod
663 1777 831 1844 annotetur,
855 1786 945 1846 posse
970 1786 1007 1828 ex
1024 1785 1080 1827 uno
1098 1777 1171 1828 statu

172 1851 243 1910 duas
265 1852 420 1927 generales
441 1852 503 1910 fieri
525 1853 727 1929 quaestiones,
749 1851 795 1909 An
819 1849 970 1930 quisquisi
997 1869 1032 1910 an
1058 1853 1170 1911 cuicun-

124 1931 248 2010 sbquei
282 1931 362 1993 llaec
380 1952 417 1993 cx
434 1932 544 1993 duabus
558 1935 691 2010 personis
707 1935 836 2010 quaesita
854 1942 929 1993 sunt.
961 1933 1007 1992 Ex
1023 1935 1108 1994 tertia
1125 1951 1170 1992 au·

171 2025 243 2090 tem,
267 2033 340 2093 quac
362 2025 407 2074 est
425 2016 601 2090 adversarii,
623 2015 700 2075 nulla
722 2017 791 2074 oriri
814 2017 946 2093 quaestio
969 2024 1082 2093 potest,
1107 2017 1170 2094 quia

171 2098 249 2157 nulla
269 2098 299 2156 lut
322 2100 348 2157 ei
366 2099 402 2157 de
422 2116 474 2158 sua
491 2107 573 2175 parte
592 2101 801 2158 controversia.
841 2097 973 2158 Nondum
988 2106 1083 2158 tamen
1104 2115 1170 2157 cura

171 2180 295 2240 deliciat.
341 2179 398 2240 lsta
422 2181 496 2240 enim
519 2182 612 2240 omnia
634 2181 690 2241 dici
712 2189 833 2260 possent
853 2183 939 2241 ctiam
962 2198 1020 2240 non
1037 2182 1169 2240 restituto

171 2269 263 2342 patre.
302 2261 365 2324 Nec
381 2265 474 2324 statim
490 2280 527 2322 eo
544 2264 709 2340 tendamus,
732 2264 809 2342 quod
826 2265 953 2324 occurrit
973 2263 1068 2339 ultro,
1089 2281 1107 2323 a
1127 2282 1169 2323 rn-

171 2348 244 2405 stico
266 2347 437 2405 restitutum.
486 2345 540 2418 Qui
566 2346 709 2407 subtiliter
734 2357 873 2425 quaeret,
897 2347 1006 2425 aliquid
1027 2345 1171 2425 spectabit

170 2427 260 2495 ultra;
286 2445 366 2498 narn,
392 2438 422 2487 ut
445 2445 537 2504 genus
558 2431 675 2507 species
697 2430 842 2506 sequitur,
866 2431 904 2489 ita
927 2432 1058 2508 speciem
1078 2447 1170 2506 genus

122 2509 328 2588 oopraccedit.
366 2509 521 2587 Fingamus
544 2529 615 2588 ergo
636 2512 671 2571 ab
692 2513 750 2572 alio
771 2513 947 2573 restitutum:
973 2513 1170 2573 ratiocinativa

171 2611 222 2653 scu
240 2593 395 2654 collectiva
409 2595 540 2672 quaestio
556 2597 681 2671 orietur,
705 2593 754 2656 Aa
769 2597 917 2656 restitutio
930 2614 989 2674 pro
1003 2597 1171 2656 mediatione

170 2678 279 2738 iudicii
295 2678 337 2749 stt
353 2687 383 2738 ct
401 2678 533 2755 proinde
546 2681 665 2755 caleat,
685 2697 725 2740 cc
746 2680 774 2738 si
793 2679 940 2740 iudicium
961 2696 1022 2738 non
1041 2679 1171 2756 scisset?

170 2760 226 2819 Ubi
252 2760 402 2838 temptabit
423 2761 547 2820 rusticus
565 2761 688 2836 dicere,
717 2779 753 2820 ne
772 2762 928 2839 impetrare
953 2761 1069 2838 quidem
1089 2759 1173 2819 aliter

171 2844 303 2920 potuisse
319 2859 435 2902 suorum
448 2845 658 2904 restitutionem
669 2861 726 2904 uno
738 2846 866 2922 praemio
878 2845 933 2903 nisi
945 2852 1028 2922 patre
1040 2843 1171 2922 proinde,

172 2926 246 2985 acsi
262 2934 486 2985 accusatusnon
503 2937 597 3002 esset,
621 2936 775 3002 revocato,
786 2945 867 3006 ,quac
887 2945 936 2986 res
952 2926 1087 2986 advocati
1103 2941 1171 3004 quo·

90 3067 109 3076 ,,
129 3025 162 3079 61
173 3025 229 3085 que
245 3025 386 3086 poenam,
409 3018 542 3086 tanquam
561 3012 585 3068 is
607 3025 664 3068 non
680 3009 824 3084 affuisset,
843 3010 995 3069 remiserit.
1037 3007 1109 3067 Turn
1124 3026 1171 3066 ve·

172 3092 262 3150 nimus
286 3092 322 3151 ad
343 3092 388 3167 id,
412 3092 488 3170 quod
504 3094 623 3170 primum
639 3091 828 3167 occurrebat,
850 3111 866 3152 a
881 3093 990 3152 rustico
1007 3109 1076 3150 esse
1091 3091 1172 3149 resti·

172 3183 262 3235 tutum
277 3183 397 3253 patrem,
438 3174 493 3234 Ubi
508 3193 607 3235 rursus
625 3177 843 3250 ratiocinamur,
865 3194 900 3234 an
915 3176 1066 3234 restitutor
1081 3172 1173 3250 accipi

172 3257 279 3318 debeat
294 3275 348 3336 pro
363 3259 523 3334 advocato,
544 3258 657 3336 quando
674 3258 702 3318 id
716 3259 908 3336 praestiterit,
925 3257 1002 3334 quod
1016 3256 1172 3317 advocatus

172 3341 268 3416 petiit;
298 3358 354 3400 nec
373 3340 533 3418 improbum
553 3341 590 3401 sit
611 3358 664 3420 pro
686 3340 771 3400 simili
793 3342 901 3419 accipi,
930 3340 1008 3418 quod
1029 3339 1096 3418 plus
1118 3345 1172 3397 est.

131 3421 296 3500 tilleliqua
321 3425 375 3483 iam
399 3425 568 3502 aequitatis,
594 3426 685 3484 utrius
711 3425 812 3483 iustius
837 3425 876 3483 sit
899 3417 1097 3483 desiderium?
1141 3419 1171 3480 ld
