<?xml version="1.0" encoding="UTF-8"?>
<!DOCTYPE html PUBLIC "-//W3C//DTD XHTML 1.0 Transitional//EN"
    "http://www.w3.org/TR/xhtml1/DTD/xhtml1-transitional.dtd">
<html xmlns="http://www.w3.org/1999/xhtml" xml:lang="en" lang="en">
 <head>
  <title>
</title>
<meta http-equiv="Content-Type" content="text/html;charset=utf-8" />
  <meta name='ocr-system' content='tesseract 3.04.00' />
  <meta name='ocr-capabilities' content='ocr_page ocr_carea ocr_par ocr_line ocrx_word'/>
</head>
<body>
  <div class='ocr_page' id='page_1' title='image "./mfabiiquintilia04quingoog_0072.png"; bbox 0 0 2444 3972; ppageno 0'>
   <div class='ocr_carea' id='block_1_1' title="bbox 304 146 1040 227">
    <p class='ocr_par' dir='ltr' id='par_1_1' title="bbox 304 146 1040 227">
     <span class='ocr_line' id='line_1_1' title="bbox 304 146 1040 227; baseline 0.015 -22"><span class='ocrx_word' id='word_1_1' title='bbox 304 157 394 206; x_wconf 80' lang='lat' dir='ltr'>lusu.</span> <span class='ocrx_word' id='word_1_2' title='bbox 415 159 564 208; x_wconf 76' lang='lat' dir='ltr'>causon.</span> <span class='ocrx_word' id='word_1_3' title='bbox 577 161 646 207; x_wconf 80' lang='lat' dir='ltr'>crs.</span> <span class='ocrx_word' id='word_1_4' title='bbox 659 161 704 227; x_wconf 88' lang='lat'>11,</span> <span class='ocrx_word' id='word_1_5' title='bbox 721 157 748 211; x_wconf 81' lang='grc'>3.</span> <span class='ocrx_word' id='word_1_6' title='bbox 889 146 892 156; x_wconf 72' lang='lat'>&#39;</span> <span class='ocrx_word' id='word_1_7' title='bbox 999 155 1040 217; x_wconf 79' lang='lat'>63</span> 
     </span>
    </p>
   </div>
   <div class='ocr_carea' id='block_1_2' title="bbox 17 312 1103 3518">
    <p class='ocr_par' dir='ltr' id='par_1_2' title="bbox 50 312 1083 1321">
     <span class='ocr_line' id='line_1_2' title="bbox 58 312 1062 398; baseline 0.007 -24"><span class='ocrx_word' id='word_1_8' title='bbox 58 332 111 390; x_wconf 85' lang='lat' dir='ltr'>nn,</span> <span class='ocrx_word' id='word_1_9' title='bbox 126 313 231 374; x_wconf 90' lang='lat' dir='ltr'>interim</span> <span class='ocrx_word' id='word_1_10' title='bbox 249 315 315 392; x_wconf 91' lang='lat' dir='ltr'>quia</span> <span class='ocrx_word' id='word_1_11' title='bbox 331 315 446 374; x_wconf 90' lang='lat' dir='ltr'>omnino</span> <span class='ocrx_word' id='word_1_12' title='bbox 464 331 522 374; x_wconf 89' lang='lat' dir='ltr'>non</span> <span class='ocrx_word' id='word_1_13' title='bbox 537 316 660 392; x_wconf 82' lang='lat' dir='ltr'><strong>possint.</strong></span> <span class='ocrx_word' id='word_1_14' title='bbox 700 312 765 393; x_wconf 76' lang='lat' dir='ltr'>ugo</span> <span class='ocrx_word' id='word_1_15' title='bbox 789 333 878 394; x_wconf 88' lang='lat' dir='ltr'>porro</span> <span class='ocrx_word' id='word_1_16' title='bbox 903 334 968 378; x_wconf 90' lang='lat' dir='ltr'>eum</span> <span class='ocrx_word' id='word_1_17' title='bbox 986 317 1062 398; x_wconf 78' lang='lat' dir='ltr'>quio</span> 
     </span>
     <span class='ocr_line' id='line_1_3' title="bbox 57 398 1032 478; baseline 0.006 -22"><span class='ocrx_word' id='word_1_18' title='bbox 57 398 111 459; x_wconf 91' lang='lat' dir='ltr'>nolit</span> <span class='ocrx_word' id='word_1_19' title='bbox 124 399 150 458; x_wconf 90' lang='lat' dir='ltr'>in</span> <span class='ocrx_word' id='word_1_20' title='bbox 163 416 279 460; x_wconf 85' lang='lat' dir='ltr'>numero</span> <span class='ocrx_word' id='word_1_21' title='bbox 297 400 538 478; x_wconf 79' lang='lat' dir='ltr'>praecipientium</span> <span class='ocrx_word' id='word_1_22' title='bbox 553 416 611 458; x_wconf 93' lang='lat' dir='ltr'>non</span> <span class='ocrx_word' id='word_1_23' title='bbox 625 399 739 474; x_wconf 85' lang='lat' dir='ltr'>habeo,</span> <span class='ocrx_word' id='word_1_24' title='bbox 756 417 846 478; x_wconf 90' lang='lat' dir='ltr'>posse</span> <span class='ocrx_word' id='word_1_25' title='bbox 862 406 958 461; x_wconf 76' lang='lat' dir='ltr'>autem</span> <span class='ocrx_word' id='word_1_26' title='bbox 974 421 1032 463; x_wconf 91' lang='lat' dir='ltr'>ma-</span> 
     </span>
     <span class='ocr_line' id='line_1_4' title="bbox 56 482 1033 564; baseline 0.005 -22"><span class='ocrx_word' id='word_1_27' title='bbox 56 485 131 559; x_wconf 85' lang='lat' dir='ltr'>nime,</span> <span class='ocrx_word' id='word_1_28' title='bbox 150 485 173 542; x_wconf 90' lang='lat' dir='ltr'>si</span> <span class='ocrx_word' id='word_1_29' title='bbox 189 482 273 560; x_wconf 90' lang='lat' dir='ltr'>velit,</span> <span class='ocrx_word' id='word_1_30' title='bbox 297 485 434 561; x_wconf 92' lang='lat' dir='ltr'>optimum</span> <span class='ocrx_word' id='word_1_31' title='bbox 457 500 600 561; x_wconf 81' lang='lat' dir='ltr'>quemque</span> <span class='ocrx_word' id='word_1_32' title='bbox 617 483 776 553; x_wconf 88' lang='lat' dir='ltr'>contendo;</span> <span class='ocrx_word' id='word_1_33' title='bbox 793 487 930 563; x_wconf 86' lang='lat' dir='ltr'>primum,</span> <span class='ocrx_word' id='word_1_34' title='bbox 955 486 1033 564; x_wconf 92' lang='lat' dir='ltr'>quod</span> 
     </span>
     <span class='ocr_line' id='line_1_5' title="bbox 55 567 1033 649; baseline 0.005 -23"><span class='ocrx_word' id='word_1_35' title='bbox 55 586 117 643; x_wconf 88' lang='lat' dir='ltr'>cum,</span> <span class='ocrx_word' id='word_1_36' title='bbox 133 568 176 644; x_wconf 88' lang='lat' dir='ltr'>qui</span> <span class='ocrx_word' id='word_1_37' title='bbox 193 567 359 647; x_wconf 80' lang='lat' dir='ltr'>eloquentia</span> <span class='ocrx_word' id='word_1_38' title='bbox 376 568 483 627; x_wconf 90' lang='lat' dir='ltr'>ceteris</span> <span class='ocrx_word' id='word_1_39' title='bbox 499 575 644 645; x_wconf 89' lang='lat' dir='ltr'>praestet,</span> <span class='ocrx_word' id='word_1_40' title='bbox 666 567 717 629; x_wconf 91' lang='lat' dir='ltr'>illa</span> <span class='ocrx_word' id='word_1_41' title='bbox 734 586 867 649; x_wconf 91' lang='lat' dir='ltr'>quoque,</span> <span class='ocrx_word' id='word_1_42' title='bbox 889 588 943 648; x_wconf 88' lang='lat' dir='ltr'>per</span> <span class='ocrx_word' id='word_1_43' title='bbox 959 589 1033 649; x_wconf 88' lang='lat' dir='ltr'>quae</span> 
     </span>
     <span class='ocr_line' id='line_1_6' title="bbox 54 651 1032 732; baseline 0.002 -21"><span class='ocrx_word' id='word_1_44' title='bbox 54 651 81 712; x_wconf 91' lang='lat' dir='ltr'>ad</span> <span class='ocrx_word' id='word_1_45' title='bbox 93 652 277 731; x_wconf 88' lang='lat' dir='ltr'>eloquentiam</span> <span class='ocrx_word' id='word_1_46' title='bbox 292 653 476 730; x_wconf 85' lang='lat' dir='ltr'>pervenitur,</span> <span class='ocrx_word' id='word_1_47' title='bbox 499 651 720 729; x_wconf 77' lang='lat' dir='ltr'>diligentissime</span> <span class='ocrx_word' id='word_1_48' title='bbox 741 655 914 732; x_wconf 82' lang='lat' dir='ltr'>percepisse</span> <span class='ocrx_word' id='word_1_49' title='bbox 940 656 1032 715; x_wconf 88' lang='lat' dir='ltr'>eredi-</span> 
     </span>
     <span class='ocr_line' id='line_1_7' title="bbox 53 735 1062 817; baseline 0.006 -23"><span class='ocrx_word' id='word_1_50' title='bbox 53 735 98 795; x_wconf 88' lang='lat' dir='ltr'>bile</span> <span class='ocrx_word' id='word_1_51' title='bbox 110 744 164 805; x_wconf 89' lang='lat' dir='ltr'>est;</span> <span class='ocrx_word' id='word_1_52' title='bbox 188 736 308 813; x_wconf 87' lang='lat' dir='ltr'>deinde,</span> <span class='ocrx_word' id='word_1_53' title='bbox 332 737 398 816; x_wconf 89' lang='lat' dir='ltr'>quia</span> <span class='ocrx_word' id='word_1_54' title='bbox 413 736 565 815; x_wconf 87' lang='lat' dir='ltr'>plurimum</span> <span class='ocrx_word' id='word_1_55' title='bbox 586 738 614 795; x_wconf 94' lang='lat' dir='ltr'>in</span> <span class='ocrx_word' id='word_1_56' title='bbox 629 737 838 817; x_wconf 87' lang='lat' dir='ltr'>praecipiendo</span> <span class='ocrx_word' id='word_1_57' title='bbox 853 738 932 799; x_wconf 88' lang='lat' dir='ltr'>valet</span> <span class='ocrx_word' id='word_1_58' title='bbox 947 740 1062 816; x_wconf 86' lang='lat' dir='ltr'>ratio,6</span> 
     </span>
     <span class='ocr_line' id='line_1_8' title="bbox 53 819 1032 901; baseline 0 -19"><span class='ocrx_word' id='word_1_59' title='bbox 53 837 110 898; x_wconf 87' lang='lat' dir='ltr'>quae</span> <span class='ocrx_word' id='word_1_60' title='bbox 132 819 297 882; x_wconf 89' lang='lat' dir='ltr'>doctissimo</span> <span class='ocrx_word' id='word_1_61' title='bbox 323 822 427 900; x_wconf 87' lang='lat' dir='ltr'>cuique</span> <span class='ocrx_word' id='word_1_62' title='bbox 442 820 610 899; x_wconf 89' lang='lat' dir='ltr'>planissima</span> <span class='ocrx_word' id='word_1_63' title='bbox 626 830 685 888; x_wconf 89' lang='lat' dir='ltr'>est;</span> <span class='ocrx_word' id='word_1_64' title='bbox 709 831 875 901; x_wconf 90' lang='lat' dir='ltr'>postremo,</span> <span class='ocrx_word' id='word_1_65' title='bbox 902 825 967 900; x_wconf 92' lang='lat' dir='ltr'>quia</span> <span class='ocrx_word' id='word_1_66' title='bbox 983 841 1032 882; x_wconf 91' lang='lat' dir='ltr'>ne-</span> 
     </span>
     <span class='ocr_line' id='line_1_9' title="bbox 52 904 1034 980; baseline 0.002 -18"><span class='ocrx_word' id='word_1_67' title='bbox 52 921 86 964; x_wconf 91' lang='lat' dir='ltr'>no</span> <span class='ocrx_word' id='word_1_68' title='bbox 99 907 136 965; x_wconf 91' lang='lat' dir='ltr'>sie</span> <span class='ocrx_word' id='word_1_69' title='bbox 150 907 178 965; x_wconf 92' lang='lat' dir='ltr'>in</span> <span class='ocrx_word' id='word_1_70' title='bbox 192 904 349 966; x_wconf 90' lang='lat' dir='ltr'>maioribus</span> <span class='ocrx_word' id='word_1_71' title='bbox 369 906 491 980; x_wconf 82' lang='lat' dir='ltr'>eminet,</span> <span class='ocrx_word' id='word_1_72' title='bbox 514 913 545 964; x_wconf 94' lang='lat' dir='ltr'>ut</span> <span class='ocrx_word' id='word_1_73' title='bbox 568 923 633 964; x_wconf 91' lang='lat' dir='ltr'>eum</span> <span class='ocrx_word' id='word_1_74' title='bbox 654 907 765 966; x_wconf 89' lang='lat' dir='ltr'>minora</span> <span class='ocrx_word' id='word_1_75' title='bbox 789 904 933 966; x_wconf 84' lang='lat' dir='ltr'>deficiant.</span> <span class='ocrx_word' id='word_1_76' title='bbox 971 904 1034 965; x_wconf 89' lang='lat' dir='ltr'>Nisi</span> 
     </span>
     <span class='ocr_line' id='line_1_10' title="bbox 51 987 1083 1070; baseline 0.002 -23"><span class='ocrx_word' id='word_1_77' title='bbox 51 987 110 1048; x_wconf 90' lang='lat' dir='ltr'>lorte</span> <span class='ocrx_word' id='word_1_78' title='bbox 123 988 218 1050; x_wconf 84' lang='lat' dir='ltr'>lovem</span> <span class='ocrx_word' id='word_1_79' title='bbox 234 988 351 1069; x_wconf 87' lang='lat' dir='ltr'>quidem</span> <span class='ocrx_word' id='word_1_80' title='bbox 367 989 481 1050; x_wconf 84' lang='lat' dir='ltr'>Phidias</span> <span class='ocrx_word' id='word_1_81' title='bbox 495 989 603 1067; x_wconf 92' lang='lat' dir='ltr'>optime</span> <span class='ocrx_word' id='word_1_82' title='bbox 620 990 701 1066; x_wconf 87' lang='lat' dir='ltr'>lecit,</span> <span class='ocrx_word' id='word_1_83' title='bbox 719 990 769 1050; x_wconf 91' lang='lat' dir='ltr'>illa</span> <span class='ocrx_word' id='word_1_84' title='bbox 787 999 893 1065; x_wconf 88' lang='lat' dir='ltr'>autem,</span> <span class='ocrx_word' id='word_1_85' title='bbox 912 1008 987 1069; x_wconf 90' lang='lat' dir='ltr'>quae</span> <span class='ocrx_word' id='word_1_86' title='bbox 1004 991 1034 1049; x_wconf 89' lang='lat' dir='ltr'>in</span> <span class='ocrx_word' id='word_1_87' title='bbox 1080 1063 1083 1070; x_wconf 30' lang='grc' dir='ltr'>Ι</span> 
     </span>
     <span class='ocr_line' id='line_1_11' title="bbox 51 1073 1032 1153; baseline 0.004 -22"><span class='ocrx_word' id='word_1_88' title='bbox 51 1083 224 1134; x_wconf 80' lang='lat' dir='ltr'>ornamentum</span> <span class='ocrx_word' id='word_1_89' title='bbox 241 1075 342 1153; x_wconf 87' lang='lat' dir='ltr'>operis</span> <span class='ocrx_word' id='word_1_90' title='bbox 366 1075 428 1133; x_wconf 89' lang='lat' dir='ltr'>eius</span> <span class='ocrx_word' id='word_1_91' title='bbox 445 1073 603 1150; x_wconf 88' lang='lat' dir='ltr'>accedunt,</span> <span class='ocrx_word' id='word_1_92' title='bbox 620 1074 693 1133; x_wconf 88' lang='lat' dir='ltr'>alius</span> <span class='ocrx_word' id='word_1_93' title='bbox 709 1075 812 1134; x_wconf 91' lang='lat' dir='ltr'>melius</span> <span class='ocrx_word' id='word_1_94' title='bbox 831 1073 1032 1144; x_wconf 86' lang='lat' dir='ltr'>elaborasset;</span> 
     </span>
     <span class='ocr_line' id='line_1_12' title="bbox 50 1157 1032 1239; baseline 0.003 -23"><span class='ocrx_word' id='word_1_95' title='bbox 50 1165 86 1216; x_wconf 88' lang='lat' dir='ltr'>aut</span> <span class='ocrx_word' id='word_1_96' title='bbox 98 1167 188 1220; x_wconf 88' lang='lat' dir='ltr'>orator</span> <span class='ocrx_word' id='word_1_97' title='bbox 203 1159 286 1239; x_wconf 89' lang='lat' dir='ltr'>loqui</span> <span class='ocrx_word' id='word_1_98' title='bbox 301 1159 428 1225; x_wconf 78' lang='lat' dir='ltr'>nesciet:</span> <span class='ocrx_word' id='word_1_99' title='bbox 446 1166 493 1217; x_wconf 90' lang='lat' dir='ltr'>aut</span> <span class='ocrx_word' id='word_1_100' title='bbox 511 1157 639 1218; x_wconf 89' lang='lat' dir='ltr'>leviores</span> <span class='ocrx_word' id='word_1_101' title='bbox 651 1158 770 1219; x_wconf 86' lang='lat' dir='ltr'>morbos</span> <span class='ocrx_word' id='word_1_102' title='bbox 787 1176 890 1218; x_wconf 88' lang='lat' dir='ltr'>curare</span> <span class='ocrx_word' id='word_1_103' title='bbox 907 1176 965 1218; x_wconf 92' lang='lat' dir='ltr'>non</span> <span class='ocrx_word' id='word_1_104' title='bbox 980 1175 1032 1237; x_wconf 91' lang='lat' dir='ltr'>po·</span> 
     </span>
     <span class='ocr_line' id='line_1_13' title="bbox 50 1241 531 1321; baseline 0 -22"><span class='ocrx_word' id='word_1_105' title='bbox 50 1242 101 1302; x_wconf 83' lang='lat' dir='ltr'>terit</span> <span class='ocrx_word' id='word_1_106' title='bbox 113 1244 375 1321; x_wconf 87' lang='lat' dir='ltr'>praestantissimus</span> <span class='ocrx_word' id='word_1_107' title='bbox 391 1241 531 1305; x_wconf 89' lang='lat' dir='ltr'>medicus.</span> 
     </span>
    </p>

    <p class='ocr_par' dir='ltr' id='par_1_3' title="bbox 49 1323 1103 1658">
     <span class='ocr_line' id='line_1_14' title="bbox 118 1323 1103 1406; baseline -0.002 -20"><span class='ocrx_word' id='word_1_108' title='bbox 118 1326 189 1400; x_wconf 80' lang='lat' dir='ltr'>Quid</span> <span class='ocrx_word' id='word_1_109' title='bbox 206 1323 303 1405; x_wconf 81' lang='lat' dir='ltr'>ergo?</span> <span class='ocrx_word' id='word_1_110' title='bbox 324 1343 382 1385; x_wconf 92' lang='lat' dir='ltr'>non</span> <span class='ocrx_word' id='word_1_111' title='bbox 404 1334 449 1385; x_wconf 88' lang='lat' dir='ltr'>est</span> <span class='ocrx_word' id='word_1_112' title='bbox 466 1326 607 1406; x_wconf 89' lang='lat' dir='ltr'>quaedam</span> <span class='ocrx_word' id='word_1_113' title='bbox 628 1325 796 1404; x_wconf 83' lang='lat' dir='ltr'>eloquentia</span> <span class='ocrx_word' id='word_1_114' title='bbox 816 1327 923 1402; x_wconf 92' lang='lat' dir='ltr'>maior,</span> <span class='ocrx_word' id='word_1_115' title='bbox 948 1329 1060 1406; x_wconf 81' lang='lat' dir='ltr'>quami</span> <span class='ocrx_word' id='word_1_116' title='bbox 1079 1358 1103 1378; x_wconf 85' lang='lat'>-</span> 
     </span>
     <span class='ocr_line' id='line_1_15' title="bbox 49 1407 1032 1490; baseline 0.002 -22"><span class='ocrx_word' id='word_1_117' title='bbox 49 1419 71 1468; x_wconf 88' lang='lat' dir='ltr'>ut</span> <span class='ocrx_word' id='word_1_118' title='bbox 86 1429 142 1472; x_wconf 90' lang='lat' dir='ltr'>eam</span> <span class='ocrx_word' id='word_1_119' title='bbox 160 1411 313 1481; x_wconf 86' lang='lat' dir='ltr'>intellectu</span> <span class='ocrx_word' id='word_1_120' title='bbox 337 1411 479 1490; x_wconf 82' lang='lat' dir='ltr'>consequi</span> <span class='ocrx_word' id='word_1_121' title='bbox 499 1410 620 1488; x_wconf 89' lang='lat' dir='ltr'>puerilis</span> <span class='ocrx_word' id='word_1_122' title='bbox 641 1409 789 1471; x_wconf 85' lang='lat' dir='ltr'>infirmitas</span> <span class='ocrx_word' id='word_1_123' title='bbox 811 1407 928 1489; x_wconf 79' lang='lat' dir='ltr'>possit?</span> <span class='ocrx_word' id='word_1_124' title='bbox 966 1409 1032 1488; x_wconf 83' lang='lat' dir='ltr'>Ego</span> 
     </span>
     <span class='ocr_line' id='line_1_16' title="bbox 50 1495 1034 1574; baseline 0.002 -23"><span class='ocrx_word' id='word_1_125' title='bbox 50 1511 104 1553; x_wconf 81' lang='lat' dir='ltr'>tero</span> <span class='ocrx_word' id='word_1_126' title='bbox 118 1497 269 1574; x_wconf 84' lang='lat' dir='ltr'>confiteor,</span> <span class='ocrx_word' id='word_1_127' title='bbox 287 1495 425 1556; x_wconf 89' lang='lat' dir='ltr'>disertum</span> <span class='ocrx_word' id='word_1_128' title='bbox 441 1503 667 1574; x_wconf 85' lang='lat' dir='ltr'>praeceptorem</span> <span class='ocrx_word' id='word_1_129' title='bbox 680 1496 852 1573; x_wconf 88' lang='lat' dir='ltr'>prudentem</span> <span class='ocrx_word' id='word_1_130' title='bbox 867 1511 985 1574; x_wconf 87' lang='lat' dir='ltr'>quoque</span> <span class='ocrx_word' id='word_1_131' title='bbox 1004 1503 1034 1553; x_wconf 91' lang='lat' dir='ltr'>et</span> 
     </span>
     <span class='ocr_line' id='line_1_17' title="bbox 50 1578 1033 1658; baseline 0 -21"><span class='ocrx_word' id='word_1_132' title='bbox 50 1595 93 1638; x_wconf 87' lang='lat' dir='ltr'>non</span> <span class='ocrx_word' id='word_1_133' title='bbox 110 1580 237 1658; x_wconf 82' lang='lat' dir='ltr'>ignarum</span> <span class='ocrx_word' id='word_1_134' title='bbox 260 1579 386 1640; x_wconf 85' lang='lat' dir='ltr'>docendi</span> <span class='ocrx_word' id='word_1_135' title='bbox 415 1595 482 1639; x_wconf 90' lang='lat' dir='ltr'>esse</span> <span class='ocrx_word' id='word_1_136' title='bbox 513 1587 668 1657; x_wconf 80' lang='lat' dir='ltr'>oportere,</span> <span class='ocrx_word' id='word_1_137' title='bbox 699 1580 921 1639; x_wconf 87' lang='lat' dir='ltr'>summittentem</span> <span class='ocrx_word' id='word_1_138' title='bbox 943 1598 977 1638; x_wconf 91' lang='lat' dir='ltr'>se</span> <span class='ocrx_word' id='word_1_139' title='bbox 998 1578 1033 1637; x_wconf 94' lang='lat' dir='ltr'>ad</span> 
     </span>
    </p>

    <p class='ocr_par' dir='ltr' id='par_1_4' title="bbox 18 1661 1035 1744">
     <span class='ocr_line' id='line_1_18' title="bbox 18 1661 1035 1744; baseline 0.002 -25"><span class='ocrx_word' id='word_1_140' title='bbox 18 1735 19 1740; x_wconf 8' lang='grc' dir='ltr'>η</span> <span class='ocrx_word' id='word_1_141' title='bbox 50 1679 186 1726; x_wconf 88' lang='lat' dir='ltr'>mensuram</span> <span class='ocrx_word' id='word_1_142' title='bbox 210 1665 365 1731; x_wconf 79' lang='lat' dir='ltr'>discentis:</span> <span class='ocrx_word' id='word_1_143' title='bbox 388 1671 418 1722; x_wconf 95' lang='lat' dir='ltr'>ut</span> <span class='ocrx_word' id='word_1_144' title='bbox 435 1661 639 1728; x_wconf 84' lang='lat' dir='ltr'>velocissimus</span> <span class='ocrx_word' id='word_1_145' title='bbox 662 1665 802 1744; x_wconf 89' lang='lat' dir='ltr'>quisque,</span> <span class='ocrx_word' id='word_1_146' title='bbox 826 1665 851 1722; x_wconf 93' lang='lat' dir='ltr'>si</span> <span class='ocrx_word' id='word_1_147' title='bbox 876 1663 952 1724; x_wconf 86' lang='lat' dir='ltr'>forte</span> <span class='ocrx_word' id='word_1_148' title='bbox 978 1665 1035 1722; x_wconf 87' lang='lat' dir='ltr'>iter</span> 
     </span>
    </p>

    <p class='ocr_par' dir='ltr' id='par_1_5' title="bbox 18 1747 1034 1830">
     <span class='ocr_line' id='line_1_19' title="bbox 18 1747 1034 1830; baseline 0.002 -26"><span class='ocrx_word' id='word_1_149' title='bbox 18 1759 20 1830; x_wconf 52' lang='grc' dir='ltr'>ζ</span> <span class='ocrx_word' id='word_1_150' title='bbox 54 1763 100 1806; x_wconf 89' lang='lat' dir='ltr'>eum</span> <span class='ocrx_word' id='word_1_151' title='bbox 110 1750 230 1830; x_wconf 82' lang='lat' dir='ltr'>paruulo</span> <span class='ocrx_word' id='word_1_152' title='bbox 247 1749 354 1824; x_wconf 87' lang='lat' dir='ltr'>faeiat,</span> <span class='ocrx_word' id='word_1_153' title='bbox 379 1747 430 1808; x_wconf 89' lang='lat' dir='ltr'>det</span> <span class='ocrx_word' id='word_1_154' title='bbox 443 1764 557 1807; x_wconf 92' lang='lat' dir='ltr'>manum</span> <span class='ocrx_word' id='word_1_155' title='bbox 579 1756 608 1807; x_wconf 91' lang='lat' dir='ltr'>et</span> <span class='ocrx_word' id='word_1_156' title='bbox 622 1747 743 1824; x_wconf 83' lang='lat' dir='ltr'>gradum</span> <span class='ocrx_word' id='word_1_157' title='bbox 760 1765 841 1806; x_wconf 89' lang='lat' dir='ltr'>suum</span> <span class='ocrx_word' id='word_1_158' title='bbox 856 1748 963 1807; x_wconf 92' lang='lat' dir='ltr'>minuat</span> <span class='ocrx_word' id='word_1_159' title='bbox 978 1765 1034 1806; x_wconf 86' lang='lat' dir='ltr'>nee</span> 
     </span>
    </p>

    <p class='ocr_par' dir='ltr' id='par_1_6' title="bbox 18 1828 1063 2501">
     <span class='ocr_line' id='line_1_20' title="bbox 18 1828 1062 1912; baseline 0.002 -24"><span class='ocrx_word' id='word_1_160' title='bbox 18 1859 19 1864; x_wconf 42' lang='lat'>1</span> <span class='ocrx_word' id='word_1_161' title='bbox 51 1834 166 1906; x_wconf 88' lang='lat' dir='ltr'>procedat</span> <span class='ocrx_word' id='word_1_162' title='bbox 182 1833 272 1909; x_wconf 87' lang='lat' dir='ltr'>ultra,</span> <span class='ocrx_word' id='word_1_163' title='bbox 290 1849 375 1912; x_wconf 90' lang='lat' dir='ltr'>quam</span> <span class='ocrx_word' id='word_1_164' title='bbox 391 1849 492 1892; x_wconf 87' lang='lat' dir='ltr'>eomes</span> <span class='ocrx_word' id='word_1_165' title='bbox 509 1833 614 1909; x_wconf 86' lang='lat' dir='ltr'>possit.</span> <span class='ocrx_word' id='word_1_166' title='bbox 646 1828 741 1904; x_wconf 81' lang='lat' dir='ltr'>Quid?</span> <span class='ocrx_word' id='word_1_167' title='bbox 757 1833 782 1890; x_wconf 89' lang='lat' dir='ltr'>si</span> <span class='ocrx_word' id='word_1_168' title='bbox 797 1830 969 1910; x_wconf 93' lang='lat' dir='ltr'>plerumque</span> <span class='ocrx_word' id='word_1_169' title='bbox 986 1834 1062 1890; x_wconf 80' lang='lat' dir='ltr'>ac·8</span> 
     </span>
     <span class='ocr_line' id='line_1_21' title="bbox 50 1913 1033 1993; baseline 0.002 -23"><span class='ocrx_word' id='word_1_170' title='bbox 50 1913 114 1993; x_wconf 88' lang='lat' dir='ltr'>cidit,</span> <span class='ocrx_word' id='word_1_171' title='bbox 132 1927 162 1978; x_wconf 91' lang='lat' dir='ltr'>ut</span> <span class='ocrx_word' id='word_1_172' title='bbox 183 1918 322 1979; x_wconf 84' lang='lat' dir='ltr'>faciliora</span> <span class='ocrx_word' id='word_1_173' title='bbox 344 1917 400 1976; x_wconf 91' lang='lat' dir='ltr'>sint</span> <span class='ocrx_word' id='word_1_174' title='bbox 422 1915 458 1976; x_wconf 93' lang='lat' dir='ltr'>ad</span> <span class='ocrx_word' id='word_1_175' title='bbox 480 1913 700 1992; x_wconf 81' lang='lat' dir='ltr'>intelligendum</span> <span class='ocrx_word' id='word_1_176' title='bbox 722 1924 751 1974; x_wconf 86' lang='lat' dir='ltr'>et</span> <span class='ocrx_word' id='word_1_177' title='bbox 774 1914 916 1975; x_wconf 90' lang='lat' dir='ltr'>lucidiora</span> <span class='ocrx_word' id='word_1_178' title='bbox 931 1914 1033 1991; x_wconf 88' lang='lat' dir='ltr'>multo,</span> 
     </span>
     <span class='ocr_line' id='line_1_22' title="bbox 47 1995 1033 2081; baseline 0.001 -23"><span class='ocrx_word' id='word_1_179' title='bbox 47 2016 106 2076; x_wconf 88' lang='lat' dir='ltr'>quae</span> <span class='ocrx_word' id='word_1_180' title='bbox 120 2021 135 2062; x_wconf 93' lang='lat' dir='ltr'>a</span> <span class='ocrx_word' id='word_1_181' title='bbox 150 2003 323 2064; x_wconf 88' lang='lat' dir='ltr'>doctissimo</span> <span class='ocrx_word' id='word_1_182' title='bbox 342 2009 460 2081; x_wconf 86' lang='lat' dir='ltr'>quoque</span> <span class='ocrx_word' id='word_1_183' title='bbox 476 1995 633 2060; x_wconf 80' lang='lat' dir='ltr'>dicuntur?</span> <span class='ocrx_word' id='word_1_184' title='bbox 664 1997 737 2059; x_wconf 88' lang='lat' dir='ltr'>Nam</span> <span class='ocrx_word' id='word_1_185' title='bbox 759 2009 788 2059; x_wconf 89' lang='lat' dir='ltr'>et</span> <span class='ocrx_word' id='word_1_186' title='bbox 803 2000 894 2077; x_wconf 87' lang='lat' dir='ltr'>prima</span> <span class='ocrx_word' id='word_1_187' title='bbox 910 2007 956 2058; x_wconf 90' lang='lat' dir='ltr'>est</span> <span class='ocrx_word' id='word_1_188' title='bbox 972 1997 1033 2059; x_wconf 92' lang='lat' dir='ltr'>elo·</span> 
     </span>
     <span class='ocr_line' id='line_1_23' title="bbox 47 2082 1033 2165; baseline 0.001 -25"><span class='ocrx_word' id='word_1_189' title='bbox 47 2086 160 2160; x_wconf 88' lang='lat' dir='ltr'>quentiae</span> <span class='ocrx_word' id='word_1_190' title='bbox 174 2088 270 2147; x_wconf 81' lang='lat' dir='ltr'>virtus</span> <span class='ocrx_word' id='word_1_191' title='bbox 288 2085 493 2165; x_wconf 87' lang='lat' dir='ltr'>perspicuitas,</span> <span class='ocrx_word' id='word_1_192' title='bbox 511 2092 540 2144; x_wconf 93' lang='lat' dir='ltr'>et</span> <span class='ocrx_word' id='word_1_193' title='bbox 555 2101 613 2163; x_wconf 91' lang='lat' dir='ltr'>quo</span> <span class='ocrx_word' id='word_1_194' title='bbox 630 2085 694 2164; x_wconf 93' lang='lat' dir='ltr'>quis</span> <span class='ocrx_word' id='word_1_195' title='bbox 709 2085 827 2162; x_wconf 85' lang='lat' dir='ltr'>ingenio</span> <span class='ocrx_word' id='word_1_196' title='bbox 840 2084 931 2143; x_wconf 90' lang='lat' dir='ltr'>minus</span> <span class='ocrx_word' id='word_1_197' title='bbox 943 2082 1033 2158; x_wconf 90' lang='lat' dir='ltr'>valet,</span> 
     </span>
     <span class='ocr_line' id='line_1_24' title="bbox 45 2163 1034 2248; baseline 0 -23"><span class='ocrx_word' id='word_1_198' title='bbox 45 2163 89 2228; x_wconf 88' lang='lat' dir='ltr'>loe</span> <span class='ocrx_word' id='word_1_199' title='bbox 103 2188 133 2231; x_wconf 92' lang='lat' dir='ltr'>se</span> <span class='ocrx_word' id='word_1_200' title='bbox 147 2170 243 2248; x_wconf 83' lang='lat' dir='ltr'>magis</span> <span class='ocrx_word' id='word_1_201' title='bbox 261 2170 400 2232; x_wconf 87' lang='lat' dir='ltr'>attollere</span> <span class='ocrx_word' id='word_1_202' title='bbox 416 2177 445 2228; x_wconf 91' lang='lat' dir='ltr'>et</span> <span class='ocrx_word' id='word_1_203' title='bbox 460 2168 583 2229; x_wconf 87' lang='lat' dir='ltr'>dilatare</span> <span class='ocrx_word' id='word_1_204' title='bbox 599 2176 734 2236; x_wconf 69' lang='lat' dir='ltr'>conatum</span> <span class='ocrx_word' id='word_1_205' title='bbox 753 2178 783 2227; x_wconf 91' lang='lat' dir='ltr'>ut</span> <span class='ocrx_word' id='word_1_206' title='bbox 801 2176 910 2227; x_wconf 90' lang='lat' dir='ltr'>statura</span> <span class='ocrx_word' id='word_1_207' title='bbox 928 2166 1034 2226; x_wconf 87' lang='lat' dir='ltr'>breves</span> 
     </span>
     <span class='ocr_line' id='line_1_25' title="bbox 46 2249 1063 2334; baseline -0.001 -25"><span class='ocrx_word' id='word_1_208' title='bbox 46 2251 67 2309; x_wconf 88' lang='lat' dir='ltr'>in</span> <span class='ocrx_word' id='word_1_209' title='bbox 78 2254 177 2332; x_wconf 84' lang='lat' dir='ltr'>digitos</span> <span class='ocrx_word' id='word_1_210' title='bbox 194 2257 347 2334; x_wconf 84' lang='lat' dir='ltr'>eriguntur</span> <span class='ocrx_word' id='word_1_211' title='bbox 369 2261 400 2313; x_wconf 93' lang='lat' dir='ltr'>et</span> <span class='ocrx_word' id='word_1_212' title='bbox 422 2253 505 2330; x_wconf 90' lang='lat' dir='ltr'>plura</span> <span class='ocrx_word' id='word_1_213' title='bbox 523 2251 625 2311; x_wconf 83' lang='lat' dir='ltr'>infirmi</span> <span class='ocrx_word' id='word_1_214' title='bbox 641 2255 791 2312; x_wconf 89' lang='lat' dir='ltr'>minantur.</span> <span class='ocrx_word' id='word_1_215' title='bbox 823 2249 896 2310; x_wconf 90' lang='lat' dir='ltr'>Nam</span> <span class='ocrx_word' id='word_1_216' title='bbox 911 2251 1063 2310; x_wconf 84' lang='lat' dir='ltr'>tumidos9</span> 
     </span>
     <span class='ocr_line' id='line_1_26' title="bbox 46 2334 1035 2418; baseline 0.001 -25"><span class='ocrx_word' id='word_1_217' title='bbox 46 2344 67 2394; x_wconf 89' lang='lat' dir='ltr'>et</span> <span class='ocrx_word' id='word_1_218' title='bbox 80 2348 231 2418; x_wconf 88' lang='lat' dir='ltr'>corruptos</span> <span class='ocrx_word' id='word_1_219' title='bbox 249 2348 281 2399; x_wconf 92' lang='lat' dir='ltr'>et</span> <span class='ocrx_word' id='word_1_220' title='bbox 294 2337 420 2399; x_wconf 89' lang='lat' dir='ltr'>tinnulos</span> <span class='ocrx_word' id='word_1_221' title='bbox 437 2346 466 2396; x_wconf 89' lang='lat' dir='ltr'>et</span> <span class='ocrx_word' id='word_1_222' title='bbox 478 2353 652 2416; x_wconf 91' lang='lat' dir='ltr'>quoeunque</span> <span class='ocrx_word' id='word_1_223' title='bbox 669 2335 726 2397; x_wconf 94' lang='lat' dir='ltr'>alio</span> <span class='ocrx_word' id='word_1_224' title='bbox 744 2334 912 2395; x_wconf 85' lang='lat' dir='ltr'>cacozeliae</span> <span class='ocrx_word' id='word_1_225' title='bbox 924 2351 1035 2412; x_wconf 82' lang='lat' dir='ltr'>genere</span> 
     </span>
     <span class='ocr_line' id='line_1_27' title="bbox 45 2419 1034 2501; baseline -0.001 -22"><span class='ocrx_word' id='word_1_226' title='bbox 45 2433 205 2501; x_wconf 86' lang='lat' dir='ltr'>peccantes,</span> <span class='ocrx_word' id='word_1_227' title='bbox 237 2432 348 2484; x_wconf 89' lang='lat' dir='ltr'>certum</span> <span class='ocrx_word' id='word_1_228' title='bbox 362 2421 475 2497; x_wconf 89' lang='lat' dir='ltr'>habeo,</span> <span class='ocrx_word' id='word_1_229' title='bbox 498 2438 556 2480; x_wconf 91' lang='lat' dir='ltr'>non</span> <span class='ocrx_word' id='word_1_230' title='bbox 575 2421 678 2479; x_wconf 87' lang='lat' dir='ltr'>uirium</span> <span class='ocrx_word' id='word_1_231' title='bbox 701 2419 754 2480; x_wconf 90' lang='lat' dir='ltr'>sed</span> <span class='ocrx_word' id='word_1_232' title='bbox 778 2419 948 2480; x_wconf 84' lang='lat' dir='ltr'>infirmitatis</span> <span class='ocrx_word' id='word_1_233' title='bbox 964 2420 1034 2479; x_wconf 88' lang='lat' dir='ltr'>vitio</span> 
     </span>
    </p>

    <p class='ocr_par' dir='ltr' id='par_1_7' title="bbox 17 2501 1035 2586">
     <span class='ocr_line' id='line_1_28' title="bbox 17 2501 1035 2586; baseline 0 -25"><span class='ocrx_word' id='word_1_234' title='bbox 17 2539 18 2562; x_wconf 83' lang='lat' dir='ltr'>t</span> <span class='ocrx_word' id='word_1_235' title='bbox 45 2501 181 2586; x_wconf 87' lang='lat' dir='ltr'>laborare,</span> <span class='ocrx_word' id='word_1_236' title='bbox 204 2517 237 2568; x_wconf 89' lang='lat' dir='ltr'>ut</span> <span class='ocrx_word' id='word_1_237' title='bbox 253 2524 380 2586; x_wconf 92' lang='lat' dir='ltr'>corpora</span> <span class='ocrx_word' id='word_1_238' title='bbox 396 2522 454 2565; x_wconf 89' lang='lat' dir='ltr'>non</span> <span class='ocrx_word' id='word_1_239' title='bbox 469 2504 577 2565; x_wconf 87' lang='lat' dir='ltr'>robore</span> <span class='ocrx_word' id='word_1_240' title='bbox 593 2504 646 2564; x_wconf 92' lang='lat' dir='ltr'>sed</span> <span class='ocrx_word' id='word_1_241' title='bbox 661 2503 827 2565; x_wconf 85' lang='lat' dir='ltr'>valetudine</span> <span class='ocrx_word' id='word_1_242' title='bbox 850 2503 984 2563; x_wconf 87' lang='lat' dir='ltr'>inflantur</span> <span class='ocrx_word' id='word_1_243' title='bbox 1006 2511 1035 2562; x_wconf 90' lang='lat' dir='ltr'>et</span> 
     </span>
    </p>

    <p class='ocr_par' dir='ltr' id='par_1_8' title="bbox 17 2587 1035 2669">
     <span class='ocr_line' id='line_1_29' title="bbox 17 2587 1035 2669; baseline -0.001 -24"><span class='ocrx_word' id='word_1_244' title='bbox 17 2607 19 2662; x_wconf 69' lang='lat' dir='ltr'>p</span> <span class='ocrx_word' id='word_1_245' title='bbox 45 2600 111 2650; x_wconf 89' lang='lat' dir='ltr'>recto</span> <span class='ocrx_word' id='word_1_246' title='bbox 132 2594 240 2654; x_wconf 89' lang='lat' dir='ltr'>itinere</span> <span class='ocrx_word' id='word_1_247' title='bbox 262 2592 335 2653; x_wconf 90' lang='lat' dir='ltr'>lassi</span> <span class='ocrx_word' id='word_1_248' title='bbox 365 2591 537 2669; x_wconf 90' lang='lat' dir='ltr'>plerumque</span> <span class='ocrx_word' id='word_1_249' title='bbox 568 2589 730 2649; x_wconf 89' lang='lat' dir='ltr'>devertunt.</span> <span class='ocrx_word' id='word_1_250' title='bbox 770 2588 833 2647; x_wconf 83' lang='lat' dir='ltr'>Erit</span> <span class='ocrx_word' id='word_1_251' title='bbox 855 2604 926 2664; x_wconf 80' lang='lat' dir='ltr'>ergo</span> <span class='ocrx_word' id='word_1_252' title='bbox 949 2587 1035 2646; x_wconf 88' lang='lat' dir='ltr'>etiam</span> 
     </span>
    </p>

    <p class='ocr_par' dir='ltr' id='par_1_9' title="bbox 17 2671 576 2756">
     <span class='ocr_line' id='line_1_30' title="bbox 17 2671 576 2756; baseline 0 -26"><span class='ocrx_word' id='word_1_253' title='bbox 17 2675 19 2730; x_wconf 74' lang='grc' dir='ltr'><em>ὲ</em></span> <span class='ocrx_word' id='word_1_254' title='bbox 47 2671 198 2755; x_wconf 86' lang='lat' dir='ltr'>ohscurior,</span> <span class='ocrx_word' id='word_1_255' title='bbox 217 2694 277 2756; x_wconf 92' lang='lat' dir='ltr'>quo</span> <span class='ocrx_word' id='word_1_256' title='bbox 296 2677 419 2755; x_wconf 88' lang='lat' dir='ltr'>quisque</span> <span class='ocrx_word' id='word_1_257' title='bbox 436 2675 576 2736; x_wconf 89' lang='lat' dir='ltr'>deterior.</span> 
     </span>
    </p>

    <p class='ocr_par' dir='ltr' id='par_1_10' title="bbox 17 2756 1078 2836">
     <span class='ocr_line' id='line_1_31' title="bbox 17 2756 1078 2836; baseline -0.004 -15"><span class='ocrx_word' id='word_1_258' title='bbox 17 2777 18 2784; x_wconf 53' lang='lat'>¹</span> <span class='ocrx_word' id='word_1_259' title='bbox 112 2759 177 2822; x_wconf 90' lang='lat' dir='ltr'>Non</span> <span class='ocrx_word' id='word_1_260' title='bbox 198 2762 311 2821; x_wconf 84' lang='lat' dir='ltr'>excidit</span> <span class='ocrx_word' id='word_1_261' title='bbox 332 2759 417 2836; x_wconf 88' lang='lat' dir='ltr'>milri,</span> <span class='ocrx_word' id='word_1_262' title='bbox 444 2759 601 2836; x_wconf 86' lang='lat' dir='ltr'>scripsisse</span> <span class='ocrx_word' id='word_1_263' title='bbox 625 2775 671 2817; x_wconf 92' lang='lat' dir='ltr'>me</span> <span class='ocrx_word' id='word_1_264' title='bbox 693 2757 721 2816; x_wconf 89' lang='lat' dir='ltr'>in</span> <span class='ocrx_word' id='word_1_265' title='bbox 742 2756 817 2816; x_wconf 90' lang='lat' dir='ltr'>libro</span> <span class='ocrx_word' id='word_1_266' title='bbox 838 2757 953 2836; x_wconf 87' lang='lat' dir='ltr'>priore,</span> <span class='ocrx_word' id='word_1_267' title='bbox 973 2771 1037 2813; x_wconf 91' lang='lat' dir='ltr'>cum</span> <span class='ocrx_word' id='word_1_268' title='bbox 1045 2765 1078 2817; x_wconf 83' lang='lat'>10</span> 
     </span>
    </p>

    <p class='ocr_par' dir='ltr' id='par_1_11' title="bbox 17 2835 1034 2920">
     <span class='ocr_line' id='line_1_32' title="bbox 46 2840 1034 2919; baseline -0.004 -19.114"><span class='ocrx_word' id='word_1_269' title='bbox 46 2844 173 2914; x_wconf 90' lang='lat' dir='ltr'>potiorem</span> <span class='ocrx_word' id='word_1_270' title='bbox 197 2848 229 2904; x_wconf 92' lang='lat' dir='ltr'>in</span> <span class='ocrx_word' id='word_1_271' title='bbox 251 2843 362 2905; x_wconf 87' lang='lat' dir='ltr'>scholis</span> <span class='ocrx_word' id='word_1_272' title='bbox 383 2842 573 2902; x_wconf 86' lang='lat' dir='ltr'>eruditionem</span> <span class='ocrx_word' id='word_1_273' title='bbox 596 2859 663 2901; x_wconf 86' lang='lat' dir='ltr'>esse</span> <span class='ocrx_word' id='word_1_274' title='bbox 687 2858 772 2919; x_wconf 91' lang='lat' dir='ltr'>quam</span> <span class='ocrx_word' id='word_1_275' title='bbox 794 2841 870 2901; x_wconf 90' lang='lat' dir='ltr'>domi</span> <span class='ocrx_word' id='word_1_276' title='bbox 894 2840 1034 2914; x_wconf 87' lang='lat' dir='ltr'>dicerem,</span> 
     </span>
    </p>

    <p class='ocr_par' dir='ltr' id='par_1_12' title="bbox 17 2921 1036 3008">
     <span class='ocr_line' id='line_1_33' title="bbox 17 2921 1036 3008; baseline 0 -27"><span class='ocrx_word' id='word_1_277' title='bbox 17 2923 18 2926; x_wconf 72' lang='grc'>’</span> <span class='ocrx_word' id='word_1_278' title='bbox 46 2921 163 2990; x_wconf 85' lang='lat' dir='ltr'>libentius</span> <span class='ocrx_word' id='word_1_279' title='bbox 180 2948 215 2990; x_wconf 92' lang='lat' dir='ltr'>se</span> <span class='ocrx_word' id='word_1_280' title='bbox 232 2929 325 3008; x_wconf 90' lang='lat' dir='ltr'>prima</span> <span class='ocrx_word' id='word_1_281' title='bbox 340 2927 433 2988; x_wconf 89' lang='lat' dir='ltr'>studia</span> <span class='ocrx_word' id='word_1_282' title='bbox 448 2936 625 3005; x_wconf 90' lang='lat' dir='ltr'>tenerosque</span> <span class='ocrx_word' id='word_1_283' title='bbox 637 2924 787 3004; x_wconf 87' lang='lat' dir='ltr'>profectus</span> <span class='ocrx_word' id='word_1_284' title='bbox 800 2925 835 2986; x_wconf 88' lang='lat' dir='ltr'>ad</span> <span class='ocrx_word' id='word_1_285' title='bbox 850 2925 1036 2983; x_wconf 90' lang='lat' dir='ltr'>imitationem</span> 
     </span>
    </p>

    <p class='ocr_par' dir='ltr' id='par_1_13' title="bbox 17 3003 1076 3260">
     <span class='ocr_line' id='line_1_34' title="bbox 17 3003 1032 3093; baseline 0 -27"><span class='ocrx_word' id='word_1_286' title='bbox 17 3003 21 3040; x_wconf 63' lang='lat'><em>²</em></span> <span class='ocrx_word' id='word_1_287' title='bbox 46 3013 316 3093; x_wconf 87' lang='lat' dir='ltr'>condiscipulorum,</span> <span class='ocrx_word' id='word_1_288' title='bbox 340 3029 414 3092; x_wconf 91' lang='lat' dir='ltr'>quae</span> <span class='ocrx_word' id='word_1_289' title='bbox 432 3011 547 3072; x_wconf 88' lang='lat' dir='ltr'>iacilior</span> <span class='ocrx_word' id='word_1_290' title='bbox 563 3019 659 3086; x_wconf 88' lang='lat' dir='ltr'>esset,</span> <span class='ocrx_word' id='word_1_291' title='bbox 682 3011 815 3087; x_wconf 83' lang='lat' dir='ltr'>erigere;</span> <span class='ocrx_word' id='word_1_292' title='bbox 843 3008 921 3088; x_wconf 92' lang='lat' dir='ltr'>quod</span> <span class='ocrx_word' id='word_1_293' title='bbox 938 3026 955 3067; x_wconf 89' lang='lat' dir='ltr'>a</span> <span class='ocrx_word' id='word_1_294' title='bbox 971 3008 1032 3085; x_wconf 89' lang='lat' dir='ltr'>qui·</span> 
     </span>
     <span class='ocr_line' id='line_1_35' title="bbox 43 3087 1034 3176; baseline -0.009 -19"><span class='ocrx_word' id='word_1_295' title='bbox 43 3087 148 3156; x_wconf 57' lang='lat' dir='ltr'>lurtum</span> <span class='ocrx_word' id='word_1_296' title='bbox 165 3100 211 3158; x_wconf 91' lang='lat' dir='ltr'>sic</span> <span class='ocrx_word' id='word_1_297' title='bbox 228 3098 323 3176; x_wconf 88' lang='lat' dir='ltr'>accipi</span> <span class='ocrx_word' id='word_1_298' title='bbox 339 3105 452 3173; x_wconf 86' lang='lat' dir='ltr'>potest,</span> <span class='ocrx_word' id='word_1_299' title='bbox 476 3105 611 3175; x_wconf 91' lang='lat' dir='ltr'>tanquam</span> <span class='ocrx_word' id='word_1_300' title='bbox 626 3094 717 3169; x_wconf 91' lang='lat' dir='ltr'>haec,</span> <span class='ocrx_word' id='word_1_301' title='bbox 741 3111 826 3172; x_wconf 92' lang='lat' dir='ltr'>quam</span> <span class='ocrx_word' id='word_1_302' title='bbox 848 3110 923 3151; x_wconf 92' lang='lat' dir='ltr'>nune</span> <span class='ocrx_word' id='word_1_303' title='bbox 939 3100 1034 3165; x_wconf 90' lang='lat' dir='ltr'>tueor,</span> 
     </span>
     <span class='ocr_line' id='line_1_36' title="bbox 44 3177 1076 3260; baseline -0.001 -24"><span class='ocrx_word' id='word_1_304' title='bbox 44 3193 69 3236; x_wconf 83' lang='lat' dir='ltr'>se</span> <span class='ocrx_word' id='word_1_305' title='bbox 101 3183 172 3243; x_wconf 89' lang='lat' dir='ltr'>entia</span> <span class='ocrx_word' id='word_1_306' title='bbox 188 3183 282 3260; x_wconf 91' lang='lat' dir='ltr'>priori</span> <span class='ocrx_word' id='word_1_307' title='bbox 300 3181 415 3241; x_wconf 86' lang='lat' dir='ltr'>diversa</span> <span class='ocrx_word' id='word_1_308' title='bbox 438 3181 483 3238; x_wconf 90' lang='lat' dir='ltr'>sit.</span> <span class='ocrx_word' id='word_1_309' title='bbox 522 3178 554 3239; x_wconf 93' lang='lat' dir='ltr'>ld</span> <span class='ocrx_word' id='word_1_310' title='bbox 572 3197 649 3238; x_wconf 91' lang='lat' dir='ltr'>ame</span> <span class='ocrx_word' id='word_1_311' title='bbox 666 3177 770 3256; x_wconf 87' lang='lat' dir='ltr'>procul</span> <span class='ocrx_word' id='word_1_312' title='bbox 787 3177 894 3246; x_wconf 87' lang='lat' dir='ltr'>aberlt;</span> <span class='ocrx_word' id='word_1_313' title='bbox 913 3190 1036 3252; x_wconf 89' lang='lat' dir='ltr'>namque</span> <span class='ocrx_word' id='word_1_314' title='bbox 1044 3182 1076 3235; x_wconf 88' lang='lat'>11</span> 
     </span>
    </p>

    <p class='ocr_par' dir='ltr' id='par_1_14' title="bbox 17 3257 1036 3428">
     <span class='ocr_line' id='line_1_37' title="bbox 17 3257 1036 3342; baseline -0.005 -22"><span class='ocrx_word' id='word_1_315' title='bbox 17 3269 19 3342; x_wconf 62' lang='grc' dir='ltr'>ᾖ</span> <span class='ocrx_word' id='word_1_316' title='bbox 45 3274 69 3320; x_wconf 82' lang='lat' dir='ltr'>ta</span> <span class='ocrx_word' id='word_1_317' title='bbox 105 3282 171 3326; x_wconf 89' lang='lat' dir='ltr'>ausa</span> <span class='ocrx_word' id='word_1_318' title='bbox 188 3264 242 3325; x_wconf 88' lang='lat' dir='ltr'>vel</span> <span class='ocrx_word' id='word_1_319' title='bbox 258 3266 379 3326; x_wconf 86' lang='lat' dir='ltr'>maxima</span> <span class='ocrx_word' id='word_1_320' title='bbox 396 3273 458 3339; x_wconf 91' lang='lat' dir='ltr'>est,</span> <span class='ocrx_word' id='word_1_321' title='bbox 477 3282 528 3322; x_wconf 87' lang='lat' dir='ltr'>eur</span> <span class='ocrx_word' id='word_1_322' title='bbox 546 3263 654 3340; x_wconf 88' lang='lat' dir='ltr'>optimo</span> <span class='ocrx_word' id='word_1_323' title='bbox 673 3263 777 3341; x_wconf 88' lang='lat' dir='ltr'>cuique</span> <span class='ocrx_word' id='word_1_324' title='bbox 795 3259 983 3340; x_wconf 87' lang='lat' dir='ltr'>praeceptori</span> <span class='ocrx_word' id='word_1_325' title='bbox 999 3257 1036 3316; x_wconf 88' lang='lat' dir='ltr'>sit</span> 
     </span>
     <span class='ocr_line' id='line_1_38' title="bbox 44 3342 1035 3428; baseline -0.009 -21"><span class='ocrx_word' id='word_1_326' title='bbox 44 3350 69 3402; x_wconf 77' lang='lat' dir='ltr'>lt·</span> <span class='ocrx_word' id='word_1_327' title='bbox 101 3350 187 3409; x_wconf 82' lang='lat' dir='ltr'>cndus</span> <span class='ocrx_word' id='word_1_328' title='bbox 206 3367 299 3427; x_wconf 89' lang='lat' dir='ltr'>puer,</span> <span class='ocrx_word' id='word_1_329' title='bbox 324 3348 401 3428; x_wconf 94' lang='lat' dir='ltr'>quod</span> <span class='ocrx_word' id='word_1_330' title='bbox 418 3347 493 3426; x_wconf 91' lang='lat' dir='ltr'>apud</span> <span class='ocrx_word' id='word_1_331' title='bbox 511 3364 575 3406; x_wconf 92' lang='lat' dir='ltr'>eum</span> <span class='ocrx_word' id='word_1_332' title='bbox 591 3345 726 3424; x_wconf 89' lang='lat' dir='ltr'>discipuli</span> <span class='ocrx_word' id='word_1_333' title='bbox 742 3363 860 3424; x_wconf 92' lang='lat' dir='ltr'>quoque</span> <span class='ocrx_word' id='word_1_334' title='bbox 875 3343 978 3402; x_wconf 92' lang='lat' dir='ltr'>melius</span> <span class='ocrx_word' id='word_1_335' title='bbox 994 3342 1035 3399; x_wconf 90' lang='lat' dir='ltr'>in·</span> 
     </span>
    </p>

    <p class='ocr_par' dir='ltr' id='par_1_15' title="bbox 17 3423 1034 3518">
     <span class='ocr_line' id='line_1_39' title="bbox 17 3423 1034 3518; baseline 0 -35"><span class='ocrx_word' id='word_1_336' title='bbox 17 3427 20 3518; x_wconf 54' lang='lat'>&#39;¹</span> <span class='ocrx_word' id='word_1_337' title='bbox 45 3430 69 3486; x_wconf 73' lang='lat' dir='ltr'>tt?</span> <span class='ocrx_word' id='word_1_338' title='bbox 104 3434 121 3490; x_wconf 84' lang='lat' dir='ltr'>ti</span> <span class='ocrx_word' id='word_1_339' title='bbox 137 3442 185 3493; x_wconf 93' lang='lat' dir='ltr'>aut</span> <span class='ocrx_word' id='word_1_340' title='bbox 202 3433 317 3509; x_wconf 86' lang='lat' dir='ltr'>dicent,</span> <span class='ocrx_word' id='word_1_341' title='bbox 339 3431 416 3511; x_wconf 94' lang='lat' dir='ltr'>quod</span> <span class='ocrx_word' id='word_1_342' title='bbox 432 3431 531 3490; x_wconf 91' lang='lat' dir='ltr'>inutile</span> <span class='ocrx_word' id='word_1_343' title='bbox 553 3447 611 3490; x_wconf 89' lang='lat' dir='ltr'>uon</span> <span class='ocrx_word' id='word_1_344' title='bbox 633 3430 670 3489; x_wconf 90' lang='lat' dir='ltr'>sit</span> <span class='ocrx_word' id='word_1_345' title='bbox 693 3430 812 3505; x_wconf 91' lang='lat' dir='ltr'>imitari,</span> <span class='ocrx_word' id='word_1_346' title='bbox 837 3437 900 3504; x_wconf 88' lang='lat' dir='ltr'>aut,</span> <span class='ocrx_word' id='word_1_347' title='bbox 926 3423 1034 3505; x_wconf 89' lang='lat' dir='ltr'>siquid</span> 
     </span>
    </p>
   </div>
   <div class='ocr_carea' id='block_1_3' title="bbox 0 0 1226 3972">
    <p class='ocr_par' dir='ltr' id='par_1_16' title="bbox 0 0 1226 3972">
     <span class='ocr_line' id='line_1_40' title="bbox 0 0 1226 3972; baseline 0 4"><span class='ocrx_word' id='word_1_348' title='bbox 0 0 1226 3972; x_wconf 95' lang='lat' dir='ltr'> </span> 
     </span>
    </p>
   </div>
  </div>
 </body>
</html>
