2470 3962
330 181 418 232 rusa.
433 157 775 252 oenacensem.
993 175 1054 236 247

39 358 145 420 opns;
169 347 199 398 ut
213 340 257 398 vis
279 340 400 399 amusium
417 337 507 398 maior
529 347 573 397 est
590 337 655 399 altis
670 339 741 418 ripis
763 341 912 419 multoque
929 341 1053 420 gurgitis

39 432 146 485 tractu
162 421 307 483 fluentium
325 439 409 501 quam
423 421 518 481 tenuis
535 439 628 500 atptae
646 431 675 482 et
694 423 811 484 obiectu
829 424 992 504 lapillorum
1007 442 1056 485 re·

38 506 196 570 saltantis.
227 504 264 565 Ει
279 514 309 564 ιιι
324 505 491 584 palaestrici
506 503 644 566 doctores
661 505 745 584 illos,
762 524 837 587 quos
853 513 1097 568 numerosae-12

40 599 135 666 cant,
164 606 221 649 non
238 589 347 649 idcirco
368 587 544 650 discentibus
566 588 695 666 tradunt,
719 598 751 650 ut
772 591 816 650 bis
834 592 982 668 omnibus,
1006 594 1054 670 qui

40 675 230 748 didicerunt,
252 673 365 750 inipso
390 670 515 732 luctandi
539 665 695 732 cerbamine
717 682 847 751 utantur,
874 673 955 754 (plus
979 677 1053 735 enim

40 757 183 838 pondere
201 764 230 816 et
245 755 376 816 lirmitate
398 764 427 815 et
446 755 549 834 spiritu
569 757 678 836 agitur)
705 758 757 819 sed
777 765 808 817 ut
829 760 866 818 sit
886 759 971 837 copia
991 758 1053 834 illa,

38 861 86 903 ex
113 857 172 920 qna
191 857 276 899 unum
296 847 345 900 ant
371 839 508 915 alterurn,
538 840 617 899 cuius
641 857 674 899 se
697 841 815 901 occasio
836 839 965 918 dederit,
991 841 1053 902 elli·

41 929 147 987 ciant:
175 924 213 984 ita
235 921 309 983 baec
325 939 393 1002 pars
413 921 635 998 dialectica,
656 922 719 984 sive
743 923 820 984 illam
842 925 941 985 dicere
963 924 1052 985 malu·
1064 933 1098 986 13

40 1028 114 1070 mus
138 1007 443 1086 disputatricem,
467 1015 498 1066 nt
514 1013 559 1066 est
579 1006 656 1067 utilis
675 1024 765 1086 saepe
781 1016 811 1067 et
832 1007 1008 1068 finitionibus
1023 1017 1054 1068 et

41 1088 360 1170 comprehensionibus
381 1097 410 1150 et
430 1089 617 1168 separandis,
645 1107 719 1169 quae
735 1099 809 1151 sunt·
821 1091 998 1168 differentia,
1024 1101 1054 1152 et

41 1173 227 1237 resolvenda
250 1172 435 1251 ambiguitate
456 1173 676 1250 distinguendo,
699 1174 870 1251 dividendo,
892 1175 1052 1251 illiciendo,

19 1261 23 1264 ’
40 1256 241 1338 implicando:
269 1258 324 1332 ita,
344 1257 369 1316 si
379 1257 476 1317 'toturn
492 1255 546 1316 sibi
562 1256 751 1317 vindicaverit
765 1259 794 1317 in
811 1257 876 1318 foro
894 1267 1052 1334 certamen,

40 1340 178 1405 obstabit
200 1339 368 1401 melioribus
389 1349 418 1400 et
439 1348 536 1400 sectas
558 1339 594 1401 ad
609 1341 775 1401 tenuitatem
794 1359 873 1402 suam
888 1343 966 1402 vires
988 1343 1052 1419 ipsa

42 1426 209 1488 subtilitate
226 1433 385 1486 consumet.
417 1423 518 1501 ltaque
535 1423 667 1502 reperias
682 1425 822 1503 quosdam
837 1425 865 1483 in
880 1424 1052 1504 disputando
1061 1425 1097 1479 14
1117 1441 1120 1449 ¹

8 1531 10 1534 ·
42 1513 122 1570 mire
139 1507 279 1583 callidos,
297 1526 361 1567 cum
378 1506 413 1566 ab
429 1507 480 1567 illa
496 1507 680 1568 cavillatione
698 1507 904 1585 discesserint,
920 1526 977 1568 non
993 1525 1052 1568 ma·

41 1596 93 1672 gis
113 1589 251 1652 sufficere
273 1591 302 1651 in
324 1591 421 1669 aliquo
445 1591 581 1668 graviore
604 1600 669 1651 actu
692 1608 776 1670 quam
797 1609 886 1671 parva
911 1593 1052 1671 quaedam

13 1691 19 1698 ·
42 1675 200 1749 animalia,
220 1691 295 1752 quae
313 1675 341 1734 in
356 1675 496 1752 angustiis
513 1673 631 1734 mobilia
647 1692 749 1754 campo
765 1674 1031 1754 deprehenduntur.

135 1758 195 1818 lam
211 1753 325 1837 quidem
341 1775 408 1836 pars
428 1757 477 1818 illa
493 1757 665 1835 moralis,
689 1776 763 1836 quae
779 1759 885 1819 dicitnr
899 1758 1096 1835 Etbice,15

45 1852 132 1904 certe
149 1850 209 1903 tota
224 1843 333 1902 oratori
351 1849 396 1902 est
411 1841 637 1917 accommodata.
664 1839 736 1900 Nam
752 1843 780 1901 in
795 1849 873 1901 tanta
890 1859 1051 1916 causamn,

44 1929 125 1986 sieut
146 1924 345 2004 superioribus
366 1923 447 1984 libris
472 1924 609 2000 diximus,
633 1925 790 2000 varietate,
819 1942 883 1985 cum
904 1925 960 1984 alia
983 1941 1052 1984 con-

44 2013 162 2070 iectura
183 2017 375 2087 quaerantur,
398 2007 454 2069 elia
470 2007 643 2067 finitionibus
662 2008 886 2084 concludantur,
910 2008 966 2068 alia
990 2008 1052 2067 iure

8 2113 22 2122 ·
46 2100 285 2155 summoveantur
299 2091 348 2152 uel
364 2091 588 2166 transferantur,
607 2091 663 2152 alia
680 2092 853 2169 colligantur
868 2092 917 2152 vel
932 2093 996 2170 ipsa
1012 2092 1053 2150 in·

44 2188 155 2238 tense
184 2184 356 2237 concurrant
382 2174 431 2236 rel
456 2176 484 2234 in
510 2174 656 2234 diversum
685 2175 870 2253 ambiguitate
897 2175 1052 2235 ducantur:

45 2260 131 2321 nulla
153 2259 216 2319 lere
237 2259 294 2321 diei
317 2268 432 2338 potest,
461 2259 542 2318 euius
563 2275 620 2318 non
641 2258 738 2338 aliqua
759 2260 788 2318 in
809 2269 891 2337 parte
913 2266 1053 2318 tractatus

47 2344 140 2423 aequi
158 2361 192 2404 ae
213 2342 282 2403 boni
295 2343 482 2421 reperiatur,
509 2341 666 2422 plerasque
682 2358 755 2402 uero
777 2359 844 2402 esse
867 2342 931 2420 quis
948 2343 1052 2417 nescit,

46 2445 127 2508 quae
153 2436 232 2488 totae
255 2429 283 2486 iu
306 2426 370 2487 sola
396 2425 534 2504 qualitate
558 2423 738 2486 consistant?
773 2425 806 2485 ln
830 2425 959 2485 consiliis
980 2440 1053 2485 vero
1062 2431 1097 2484 16

47 2528 127 2590 qnae
141 2512 214 2570 ratio
229 2508 368 2570 suadendi
387 2518 432 2569 est
446 2509 481 2570 ab
492 2507 607 2570 bonesti
623 2510 794 2588 quaestione
810 2505 961 2588 seposita?
979 2508 1054 2582 onia

48 2595 103 2656 illa
126 2593 211 2653 etlam
231 2611 298 2672 pars
317 2595 418 2669 tertia,
441 2610 515 2672 quae
537 2592 672 2653 laudandi
692 2611 727 2652 ac
744 2593 925 2671 vituperandi
948 2592 1053 2652 ciliciis

47 2673 237 2738 continetur?
267 2676 380 2757 Nempe
400 2677 428 2736 in
443 2684 566 2737 tractatu
587 2677 660 2736 recti
676 2677 817 2755 pravique
835 2682 977 2736 versatur.
1009 2675 1100 2736 Anlt'

48 2762 89 2822 de
105 2760 223 2836 iustitia,
240 2759 426 2836 lortitudine,
441 2759 629 2836 abstinentia,
647 2758 854 2838 temperantia,
871 2758 979 2837 pietate
997 2774 1054 2816 non

48 2843 175 2924 plurima
192 2844 271 2904 dicet
291 2841 412 2905 oratori
440 2844 500 2904 Sed
515 2843 565 2904 ille
580 2843 624 2903 vir
641 2842 751 2917 bonus,
775 2841 822 2920 qui
838 2841 913 2901 baec
930 2858 987 2900 non
1001 2857 1053 2900 vo·

51 2926 136 2987 cibus
152 2935 260 2988 tantum
275 2927 330 2988 sibi
345 2937 413 2989 nota
429 2937 516 3006 atque
532 2925 693 2987 nominibus
708 2921 817 2985 aurium
831 2933 914 2985 tenus
929 2926 957 2984 in
972 2942 1055 2984 usum

49 3011 170 3088 linguae
188 3013 371 3090 perceperit,
395 3009 448 3071 sed
464 3012 512 3088 qui
531 3011 652 3070 virtutes
674 3010 753 3090 ipsas
768 3018 864 3068 mente
882 3007 1054 3088 complexus

50 3097 92 3154 ita
114 3096 237 3170 sentiat,
259 3112 313 3156 nec
328 3096 356 3154 in
372 3093 526 3172 cogitando
541 3092 686 3153 laborabit
701 3101 748 3170 et,
775 3091 852 3171 quod
869 3093 959 3168 sciet,
982 3107 1054 3151 vere

49 3177 142 3238 dicet.
174 3175 245 3238 Cum
265 3179 301 3238 sit
322 3179 413 3238 omnis
435 3176 582 3255 generalis
598 3177 732 3256 quaestio
754 3175 877 3255 speciali
896 3175 1133 3254 potentiora&
1155 3194 1160 3202 ·

56 3262 121 3341 quia
133 3263 268 3322 universo
281 3279 348 3340 pars
362 3262 542 3339 continetur,
558 3278 615 3321 non
631 3261 729 3338 utique
747 3258 860 3319 accedit
875 3257 959 3336 parti,
977 3256 1054 3337 quod

54 3346 220 3404 universum
236 3353 296 3404 est:
313 3344 447 3423 prolecto
464 3360 548 3404 nemo
565 3342 719 3418 dubitabit,
737 3341 892 3420 generales
909 3342 1054 3420 quaestio·

8 3501 9 3504 Ἴ
52 3445 107 3486 nes
123 3426 218 3498 inillo
236 3429 358 3488 maxime
374 3427 531 3491 studiorum
549 3443 630 3488 more
651 3434 793 3488 versatas.
826 3423 886 3484 lam
902 3440 975 3485 vero
992 3432 1096 3486 cumlt

1154 3676 1200 3687 ...—
1224 3603 1226 3688 ἱ
