<?xml version="1.0" encoding="UTF-8"?>
<!DOCTYPE html PUBLIC "-//W3C//DTD XHTML 1.0 Transitional//EN"
    "http://www.w3.org/TR/xhtml1/DTD/xhtml1-transitional.dtd">
<html xmlns="http://www.w3.org/1999/xhtml" xml:lang="en" lang="en">
 <head>
  <title>
</title>
<meta http-equiv="Content-Type" content="text/html;charset=utf-8" />
  <meta name='ocr-system' content='tesseract 3.04.00' />
  <meta name='ocr-capabilities' content='ocr_page ocr_carea ocr_par ocr_line ocrx_word'/>
</head>
<body>
  <div class='ocr_page' id='page_1' title='image "./mfabiiquintilia04quingoog_0126.png"; bbox 0 0 2446 3962; ppageno 0'>
   <div class='ocr_carea' id='block_1_1' title="bbox 315 195 1062 269">
    <p class='ocr_par' dir='ltr' id='par_1_1' title="bbox 315 195 1062 269">
     <span class='ocr_line' id='line_1_1' title="bbox 315 195 1062 269; baseline 0.011 -20"><span class='ocrx_word' id='word_1_1' title='bbox 315 199 406 249; x_wconf 83' lang='lat' dir='ltr'><strong>nrsn.</strong></span> <span class='ocrx_word' id='word_1_2' title='bbox 431 201 580 252; x_wconf 81' lang='lat' dir='ltr'><strong>aaaron.</strong></span> <span class='ocrx_word' id='word_1_3' title='bbox 602 203 672 252; x_wconf 78' lang='lat' dir='ltr'><strong>nnn.</strong></span> <span class='ocrx_word' id='word_1_4' title='bbox 696 201 792 269; x_wconf 84' lang='lat'><strong>111‚6.</strong></span> <span class='ocrx_word' id='word_1_5' title='bbox 1003 195 1062 259; x_wconf 81' lang='lat'><strong>127</strong></span> 
     </span>
    </p>
   </div>
   <div class='ocr_carea' id='block_1_2' title="bbox 53 353 1062 609">
    <p class='ocr_par' dir='ltr' id='par_1_2' title="bbox 53 353 1062 609">
     <span class='ocr_line' id='line_1_2' title="bbox 54 353 1061 442; baseline 0.009 -27"><span class='ocrx_word' id='word_1_6' title='bbox 54 354 120 416; x_wconf 83' lang='lat' dir='ltr'><strong>lton</strong></span> <span class='ocrx_word' id='word_1_7' title='bbox 136 354 275 432; x_wconf 80' lang='lat' dir='ltr'><strong>scitale,</strong></span> <span class='ocrx_word' id='word_1_8' title='bbox 296 353 404 418; x_wconf 81' lang='lat' dir='ltr'><strong>liabeo</strong></span> <span class='ocrx_word' id='word_1_9' title='bbox 418 357 468 418; x_wconf 82' lang='lat' dir='ltr'><strong>tus</strong></span> <span class='ocrx_word' id='word_1_10' title='bbox 481 361 627 434; x_wconf 79' lang='lat' dir='ltr'><strong>actionis,</strong></span> <span class='ocrx_word' id='word_1_11' title='bbox 648 357 717 422; x_wconf 85' lang='lat' dir='ltr'><strong>Non</strong></span> <span class='ocrx_word' id='word_1_12' title='bbox 737 359 852 429; x_wconf 60' lang='lat' dir='ltr'><strong>labem·</strong></span> <span class='ocrx_word' id='word_1_13' title='bbox 873 367 905 421; x_wconf 88' lang='lat' dir='ltr'><strong>ut</strong></span> <span class='ocrx_word' id='word_1_14' title='bbox 920 362 957 422; x_wconf 89' lang='lat' dir='ltr'><strong>sit</strong></span> <span class='ocrx_word' id='word_1_15' title='bbox 973 381 1061 442; x_wconf 89' lang='lat' dir='ltr'><strong>qnae·</strong></span> 
     </span>
     <span class='ocr_line' id='line_1_3' title="bbox 54 439 1062 523; baseline 0.01 -25"><span class='ocrx_word' id='word_1_16' title='bbox 54 440 128 516; x_wconf 88' lang='lat' dir='ltr'><strong>stio,</strong></span> <span class='ocrx_word' id='word_1_17' title='bbox 153 457 196 500; x_wconf 82' lang='lat' dir='ltr'><strong>oc</strong></span> <span class='ocrx_word' id='word_1_18' title='bbox 217 439 355 504; x_wconf 73' lang='lat' dir='ltr'><strong>habeut?</strong></span> <span class='ocrx_word' id='word_1_19' title='bbox 376 449 406 499; x_wconf 85' lang='lat' dir='ltr'><strong>et</strong></span> <span class='ocrx_word' id='word_1_20' title='bbox 426 440 492 501; x_wconf 87' lang='lat' dir='ltr'><strong>iude</strong></span> <span class='ocrx_word' id='word_1_21' title='bbox 515 451 617 503; x_wconf 88' lang='lat' dir='ltr'><strong>status.</strong></span> <span class='ocrx_word' id='word_1_22' title='bbox 660 443 798 523; x_wconf 78' lang='lat' dir='ltr'><strong>Accipiat</strong></span> <span class='ocrx_word' id='word_1_23' title='bbox 819 445 894 506; x_wconf 89' lang='lat' dir='ltr'><strong>enim</strong></span> <span class='ocrx_word' id='word_1_24' title='bbox 917 447 1062 508; x_wconf 77' lang='lat' dir='ltr'>actionem</span> 
     </span>
     <span class='ocr_line' id='line_1_4' title="bbox 53 522 1061 609; baseline 0.009 -26"><span class='ocrx_word' id='word_1_25' title='bbox 53 539 166 599; x_wconf 86' lang='lat' dir='ltr'><strong>necne,</strong></span> <span class='ocrx_word' id='word_1_26' title='bbox 188 522 225 583; x_wconf 89' lang='lat' dir='ltr'><strong>ad</strong></span> <span class='ocrx_word' id='word_1_27' title='bbox 242 531 377 583; x_wconf 81' lang='lat' dir='ltr'><strong>eventurn</strong></span> <span class='ocrx_word' id='word_1_28' title='bbox 394 527 531 603; x_wconf 86' lang='lat' dir='ltr'><strong>pertinet,</strong></span> <span class='ocrx_word' id='word_1_29' title='bbox 550 543 608 586; x_wconf 90' lang='lat' dir='ltr'><strong>non</strong></span> <span class='ocrx_word' id='word_1_30' title='bbox 623 528 659 589; x_wconf 90' lang='lat' dir='ltr'><strong>ad</strong></span> <span class='ocrx_word' id='word_1_31' title='bbox 676 544 804 603; x_wconf 87' lang='lat' dir='ltr'><strong>causam,</strong></span> <span class='ocrx_word' id='word_1_32' title='bbox 823 536 854 587; x_wconf 85' lang='lat' dir='ltr'><strong>et</strong></span> <span class='ocrx_word' id='word_1_33' title='bbox 868 529 903 588; x_wconf 92' lang='lat' dir='ltr'><strong>ad</strong></span> <span class='ocrx_word' id='word_1_34' title='bbox 918 530 964 606; x_wconf 91' lang='lat' dir='ltr'><strong>id,</strong></span> <span class='ocrx_word' id='word_1_35' title='bbox 983 532 1061 609; x_wconf 91' lang='lat' dir='ltr'><strong>quod</strong></span> 
     </span>
    </p>
   </div>
   <div class='ocr_carea' id='block_1_3' title="bbox 53 607 1211 693">
    <p class='ocr_par' dir='ltr' id='par_1_3' title="bbox 53 607 1211 693">
     <span class='ocr_line' id='line_1_5' title="bbox 53 607 1211 693; baseline 0.005 -27"><span class='ocrx_word' id='word_1_36' title='bbox 53 608 220 688; x_wconf 69' lang='lat' dir='ltr'><strong>pronuntiat</strong></span> <span class='ocrx_word' id='word_1_37' title='bbox 234 607 339 683; x_wconf 84' lang='lat' dir='ltr'><strong>iudex,</strong></span> <span class='ocrx_word' id='word_1_38' title='bbox 359 624 417 667; x_wconf 89' lang='lat' dir='ltr'><strong>non</strong></span> <span class='ocrx_word' id='word_1_39' title='bbox 433 608 479 687; x_wconf 90' lang='lat' dir='ltr'><strong>id,</strong></span> <span class='ocrx_word' id='word_1_40' title='bbox 499 620 622 690; x_wconf 91' lang='lat' dir='ltr'><strong>propter</strong></span> <span class='ocrx_word' id='word_1_41' title='bbox 637 613 715 690; x_wconf 92' lang='lat' dir='ltr'><strong>quod</strong></span> <span class='ocrx_word' id='word_1_42' title='bbox 730 608 905 693; x_wconf 72' lang='lat' dir='ltr'><strong>pronuntiat.</strong></span> <span class='ocrx_word' id='word_1_43' title='bbox 939 613 1003 675; x_wconf 89' lang='lat' dir='ltr'><strong>lloc</strong></span> <span class='ocrx_word' id='word_1_44' title='bbox 1018 616 1103 676; x_wconf 79' lang='lat' dir='ltr'><strong>illi&#39;lt</strong></span> <span class='ocrx_word' id='word_1_45' title='bbox 1206 645 1211 654; x_wconf 58' lang='lat'><strong>.</strong></span> 
     </span>
    </p>
   </div>
   <div class='ocr_carea' id='block_1_4' title="bbox 4 691 1060 1026">
    <p class='ocr_par' dir='ltr' id='par_1_4' title="bbox 4 691 1060 1026">
     <span class='ocr_line' id='line_1_6' title="bbox 53 691 1060 775; baseline 0.008 -22"><span class='ocrx_word' id='word_1_46' title='bbox 53 691 146 753; x_wconf 86' lang='lat' dir='ltr'><strong>simile</strong></span> <span class='ocrx_word' id='word_1_47' title='bbox 168 699 232 767; x_wconf 87' lang='lat' dir='ltr'><strong>est,</strong></span> <span class='ocrx_word' id='word_1_48' title='bbox 261 691 511 771; x_wconf 65' lang='lat' dir='ltr'><strong>Praetendens,</strong></span> <span class='ocrx_word' id='word_1_49' title='bbox 540 693 609 758; x_wconf 81' lang='lat' dir='ltr'><strong>Neo</strong></span> <span class='ocrx_word' id='word_1_50' title='bbox 632 713 720 765; x_wconf 70' lang='lat' dir='ltr'><strong>curm</strong></span> <span class='ocrx_word' id='word_1_51' title='bbox 751 695 864 756; x_wconf 82' lang='lat' dir='ltr'><strong>videbit</strong></span> <span class='ocrx_word' id='word_1_52' title='bbox 887 697 992 775; x_wconf 85' lang='lat' dir='ltr'><strong>iudex,</strong></span> <span class='ocrx_word' id='word_1_53' title='bbox 1018 717 1060 770; x_wconf 82' lang='lat' dir='ltr'><strong>an</strong></span> 
     </span>
     <span class='ocr_line' id='line_1_7' title="bbox 4 775 1058 864; baseline 0.004 -27"><span class='ocrx_word' id='word_1_54' title='bbox 4 809 6 864; x_wconf 62' lang='lat' dir='ltr'><strong>p</strong></span> <span class='ocrx_word' id='word_1_55' title='bbox 54 777 229 858; x_wconf 79' lang='lat' dir='ltr'><strong>puniendus</strong></span> <span class='ocrx_word' id='word_1_56' title='bbox 251 778 312 838; x_wconf 75' lang='lat' dir='ltr'><strong>sit?</strong></span> <span class='ocrx_word' id='word_1_57' title='bbox 345 776 404 837; x_wconf 88' lang='lat' dir='ltr'><strong>Sed</strong></span> <span class='ocrx_word' id='word_1_58' title='bbox 425 794 483 838; x_wconf 92' lang='lat' dir='ltr'><strong>non</strong></span> <span class='ocrx_word' id='word_1_59' title='bbox 503 777 552 839; x_wconf 89' lang='lat' dir='ltr'><strong>hic</strong></span> <span class='ocrx_word' id='word_1_60' title='bbox 575 775 630 840; x_wconf 86' lang='lat' dir='ltr'><strong>erit</strong></span> <span class='ocrx_word' id='word_1_61' title='bbox 653 781 787 859; x_wconf 79' lang='lat' dir='ltr'>quaestio</span> <span class='ocrx_word' id='word_1_62' title='bbox 808 797 865 840; x_wconf 90' lang='lat' dir='ltr'><strong>nec</strong></span> <span class='ocrx_word' id='word_1_63' title='bbox 888 779 936 840; x_wconf 88' lang='lat' dir='ltr'><strong>hie</strong></span> <span class='ocrx_word' id='word_1_64' title='bbox 956 790 1058 843; x_wconf 87' lang='lat' dir='ltr'><strong>status.</strong></span> 
     </span>
     <span class='ocr_line' id='line_1_8' title="bbox 4 856 1060 940; baseline 0.006 -20"><span class='ocrx_word' id='word_1_65' title='bbox 4 875 6 896; x_wconf 53' lang='lat'>³</span> <span class='ocrx_word' id='word_1_66' title='bbox 54 861 107 920; x_wconf 83' lang='lat' dir='ltr'><strong>Ubi</strong></span> <span class='ocrx_word' id='word_1_67' title='bbox 124 856 222 936; x_wconf 79' lang='lat' dir='ltr'><strong>ergo?</strong></span> <span class='ocrx_word' id='word_1_68' title='bbox 241 858 418 922; x_wconf 80' lang='lat' dir='ltr'><strong>Punicndcs</strong></span> <span class='ocrx_word' id='word_1_69' title='bbox 433 877 483 940; x_wconf 87' lang='lat' dir='ltr'><strong>es,</strong></span> <span class='ocrx_word' id='word_1_70' title='bbox 506 864 654 926; x_wconf 69' lang='lat' dir='ltr'><strong>hominem</strong></span> <span class='ocrx_word' id='word_1_71' title='bbox 671 862 832 933; x_wconf 79' lang='lat' dir='ltr'><strong>occidisti‚·</strong></span> <span class='ocrx_word' id='word_1_72' title='bbox 854 862 923 926; x_wconf 73' lang='lat' dir='ltr'><strong>ll&#39;oo</strong></span> <span class='ocrx_word' id='word_1_73' title='bbox 941 868 1060 930; x_wconf 80' lang='lat' dir='ltr'><strong>occidi.-</strong></span> 
     </span>
     <span class='ocr_line' id='line_1_9' title="bbox 16 943 1060 1026; baseline 0.007 -22"><span class='ocrx_word' id='word_1_74' title='bbox 16 995 19 1004; x_wconf 91' lang='lat'><strong>.</strong></span> <span class='ocrx_word' id='word_1_75' title='bbox 50 945 98 1005; x_wconf 80' lang='lat' dir='ltr'><strong>Aa</strong></span> <span class='ocrx_word' id='word_1_76' title='bbox 122 945 297 1006; x_wconf 78' lang='lat' dir='ltr'><strong>occiderit?</strong></span> <span class='ocrx_word' id='word_1_77' title='bbox 319 943 530 1008; x_wconf 80' lang='lat' dir='ltr'><strong>Hocorcodcc</strong></span> <span class='ocrx_word' id='word_1_78' title='bbox 544 961 629 1026; x_wconf 82' lang='lat' dir='ltr'><strong>eum,</strong></span> <span class='ocrx_word' id='word_1_79' title='bbox 650 946 721 1010; x_wconf 78' lang='lat' dir='ltr'><strong>Non</strong></span> <span class='ocrx_word' id='word_1_80' title='bbox 734 965 787 1018; x_wconf 84' lang='lat' dir='ltr'><strong>cc,·</strong></span> <span class='ocrx_word' id='word_1_81' title='bbox 808 965 875 1008; x_wconf 88' lang='lat' dir='ltr'><strong>num</strong></span> <span class='ocrx_word' id='word_1_82' title='bbox 890 956 995 1010; x_wconf 86' lang='lat' dir='ltr'><strong>statum</strong></span> <span class='ocrx_word' id='word_1_83' title='bbox 1009 949 1060 1011; x_wconf 82' lang='lat' dir='ltr'><strong>lra-</strong></span> 
     </span>
    </p>
   </div>
   <div class='ocr_carea' id='block_1_5' title="bbox 51 1017 1172 1112">
    <p class='ocr_par' dir='ltr' id='par_1_5' title="bbox 51 1017 1172 1112">
     <span class='ocr_line' id='line_1_10' title="bbox 51 1017 1172 1112; baseline 0.006 -23"><span class='ocrx_word' id='word_1_84' title='bbox 51 1025 125 1094; x_wconf 81' lang='lat' dir='ltr'><strong>let?</strong></span> <span class='ocrx_word' id='word_1_85' title='bbox 141 1017 220 1104; x_wconf 85' lang='lat' dir='ltr'><strong>non,</strong></span> <span class='ocrx_word' id='word_1_86' title='bbox 238 1037 269 1089; x_wconf 90' lang='lat' dir='ltr'><strong>ut</strong></span> <span class='ocrx_word' id='word_1_87' title='bbox 284 1037 365 1108; x_wconf 89' lang='lat' dir='ltr'><strong>puto.</strong></span> <span class='ocrx_word' id='word_1_88' title='bbox 397 1027 606 1093; x_wconf 72' lang='lat' dir='ltr'><strong>decorandus</strong></span> <span class='ocrx_word' id='word_1_89' title='bbox 623 1051 709 1111; x_wconf 79' lang='lat' dir='ltr'><strong>enm,</strong></span> <span class='ocrx_word' id='word_1_90' title='bbox 732 1034 806 1111; x_wconf 81' lang='lat' dir='ltr'><strong>quic</strong></span> <span class='ocrx_word' id='word_1_91' title='bbox 824 1040 988 1112; x_wconf 77' lang='lat' dir='ltr'><strong>tyrannum</strong></span> <span class='ocrx_word' id='word_1_92' title='bbox 1007 1055 1060 1097; x_wconf 86' lang='lat' dir='ltr'><strong>co·</strong></span> <span class='ocrx_word' id='word_1_93' title='bbox 1171 1099 1172 1104; x_wconf 59' lang='grc'>,</span> 
     </span>
    </p>
   </div>
   <div class='ocr_carea' id='block_1_6' title="bbox 48 1109 1102 1532">
    <p class='ocr_par' dir='ltr' id='par_1_6' title="bbox 48 1109 1102 1532">
     <span class='ocr_line' id='line_1_11' title="bbox 52 1109 1102 1193; baseline -0.003 -17"><span class='ocrx_word' id='word_1_94' title='bbox 52 1115 135 1183; x_wconf 77' lang='lat' dir='ltr'><strong>cidt,·</strong></span> <span class='ocrx_word' id='word_1_95' title='bbox 154 1109 225 1187; x_wconf 78' lang='lat' dir='ltr'><strong>Nost</strong></span> <span class='ocrx_word' id='word_1_96' title='bbox 235 1115 386 1190; x_wconf 76' lang='lat' dir='ltr'><strong>occidisti,</strong></span> <span class='ocrx_word' id='word_1_97' title='bbox 404 1115 537 1192; x_wconf 79' lang='lat' dir='ltr'>quaestio</span> <span class='ocrx_word' id='word_1_98' title='bbox 550 1123 581 1175; x_wconf 88' lang='lat' dir='ltr'><strong>et</strong></span> <span class='ocrx_word' id='word_1_99' title='bbox 595 1125 697 1176; x_wconf 89' lang='lat' dir='ltr'><strong>status.</strong></span> <span class='ocrx_word' id='word_1_100' title='bbox 725 1116 875 1193; x_wconf 86' lang='lat' dir='ltr'><strong>Similiter,</strong></span> <span class='ocrx_word' id='word_1_101' title='bbox 891 1115 961 1180; x_wconf 79' lang='lat' dir='ltr'><strong>Noc</strong></span> <span class='ocrx_word' id='word_1_102' title='bbox 975 1127 1060 1181; x_wconf 85' lang='lat' dir='ltr'><strong>recte</strong></span> <span class='ocrx_word' id='word_1_103' title='bbox 1068 1119 1102 1175; x_wconf 87' lang='grc'><strong>75</strong></span> 
     </span>
     <span class='ocr_line' id='line_1_12' title="bbox 51 1196 1061 1278; baseline 0.005 -20"><span class='ocrx_word' id='word_1_104' title='bbox 51 1199 138 1278; x_wconf 74' lang='lat' dir='ltr'><strong>spic,</strong></span> <span class='ocrx_word' id='word_1_105' title='bbox 166 1196 262 1259; x_wconf 80' lang='lat' dir='ltr'><strong>Recte</strong></span> <span class='ocrx_word' id='word_1_106' title='bbox 282 1215 342 1277; x_wconf 73' lang='lat' dir='ltr'><strong>opo</strong></span> <span class='ocrx_word' id='word_1_107' title='bbox 364 1198 531 1259; x_wconf 90' lang='lat' dir='ltr'><strong>nonhabet</strong></span> <span class='ocrx_word' id='word_1_108' title='bbox 552 1207 666 1259; x_wconf 86' lang='lat' dir='ltr'><strong>statum.</strong></span> <span class='ocrx_word' id='word_1_109' title='bbox 710 1198 768 1260; x_wconf 86' lang='lat' dir='ltr'><strong>Ubi</strong></span> <span class='ocrx_word' id='word_1_110' title='bbox 787 1208 832 1259; x_wconf 88' lang='lat' dir='ltr'><strong>est</strong></span> <span class='ocrx_word' id='word_1_111' title='bbox 856 1197 952 1278; x_wconf 75' lang='lat' dir='ltr'><strong>ergo?</strong></span> <span class='ocrx_word' id='word_1_112' title='bbox 991 1200 1061 1264; x_wconf 79' lang='lat' dir='ltr'><strong>Non</strong></span> 
     </span>
     <span class='ocr_line' id='line_1_13' title="bbox 48 1280 1060 1362; baseline 0.002 -19"><span class='ocrx_word' id='word_1_113' title='bbox 48 1289 135 1344; x_wconf 85' lang='lat' dir='ltr'><strong>recte</strong></span> <span class='ocrx_word' id='word_1_114' title='bbox 155 1281 226 1359; x_wconf 78' lang='lat' dir='ltr'><strong>oqc&#39;s</strong></span> <span class='ocrx_word' id='word_1_115' title='bbox 243 1283 469 1360; x_wconf 75' lang='lat' dir='ltr'><strong>iqoomtniosus.</strong></span> <span class='ocrx_word' id='word_1_116' title='bbox 504 1282 675 1358; x_wconf 77' lang='lat' dir='ltr'>Quaeritur,</span> <span class='ocrx_word' id='word_1_117' title='bbox 696 1280 1060 1362; x_wconf 61' lang='lat' dir='ltr'><strong>aspernamentum</strong></span> 
     </span>
     <span class='ocr_line' id='line_1_14' title="bbox 49 1360 1057 1446; baseline 0.002 -21"><span class='ocrx_word' id='word_1_118' title='bbox 49 1374 115 1442; x_wconf 84' lang='lat' dir='ltr'><strong>ant,</strong></span> <span class='ocrx_word' id='word_1_119' title='bbox 139 1360 192 1424; x_wconf 76' lang='lat' dir='ltr'><strong>Aa</strong></span> <span class='ocrx_word' id='word_1_120' title='bbox 212 1381 308 1444; x_wconf 75' lang='lat' dir='ltr'><strong>opere</strong></span> <span class='ocrx_word' id='word_1_121' title='bbox 327 1365 526 1445; x_wconf 76' lang='lat' dir='ltr'><strong>iqooms‘ec&#39;ose</strong></span> <span class='ocrx_word' id='word_1_122' title='bbox 547 1367 660 1429; x_wconf 78' lang='lat' dir='ltr'><strong>liccat?</strong></span> <span class='ocrx_word' id='word_1_123' title='bbox 694 1368 881 1446; x_wconf 76' lang='lat' dir='ltr'><strong>quaestiones</strong></span> <span class='ocrx_word' id='word_1_124' title='bbox 904 1376 933 1426; x_wconf 90' lang='lat' dir='ltr'><strong>et</strong></span> <span class='ocrx_word' id='word_1_125' title='bbox 955 1376 1057 1429; x_wconf 88' lang='lat' dir='ltr'><strong>status.</strong></span> 
     </span>
     <span class='ocr_line' id='line_1_15' title="bbox 48 1449 1058 1532; baseline 0.004 -23"><span class='ocrx_word' id='word_1_126' title='bbox 48 1449 132 1527; x_wconf 83' lang='lat' dir='ltr'><strong>lingo</strong></span> <span class='ocrx_word' id='word_1_127' title='bbox 148 1449 350 1510; x_wconf 84' lang='lat' dir='ltr'><strong>translativum</strong></span> <span class='ocrx_word' id='word_1_128' title='bbox 370 1467 469 1532; x_wconf 80' lang='lat' dir='ltr'><strong>genus</strong></span> <span class='ocrx_word' id='word_1_129' title='bbox 481 1467 588 1511; x_wconf 89' lang='lat' dir='ltr'><strong>causae</strong></span> <span class='ocrx_word' id='word_1_130' title='bbox 603 1459 634 1510; x_wconf 90' lang='lat' dir='ltr'><strong>ut</strong></span> <span class='ocrx_word' id='word_1_131' title='bbox 650 1452 878 1530; x_wconf 84' lang='lat' dir='ltr'><strong>comparativum</strong></span> <span class='ocrx_word' id='word_1_132' title='bbox 895 1460 928 1511; x_wconf 89' lang='lat' dir='ltr'><strong>et</strong></span> <span class='ocrx_word' id='word_1_133' title='bbox 942 1460 1058 1513; x_wconf 89' lang='lat' dir='ltr'><strong>mutuae</strong></span> 
     </span>
    </p>
   </div>
   <div class='ocr_carea' id='block_1_7' title="bbox 50 1533 1101 1611">
    <p class='ocr_par' dir='ltr' id='par_1_7' title="bbox 50 1533 1101 1611">
     <span class='ocr_line' id='line_1_16' title="bbox 50 1533 1101 1611; baseline -0.003 -17"><span class='ocrx_word' id='word_1_134' title='bbox 50 1533 259 1594; x_wconf 72' lang='lat' dir='ltr'><strong>accusationis.</strong></span> <span class='ocrx_word' id='word_1_135' title='bbox 294 1534 335 1593; x_wconf 78' lang='lat' dir='ltr'><strong>At</strong></span> <span class='ocrx_word' id='word_1_136' title='bbox 352 1535 428 1594; x_wconf 89' lang='lat' dir='ltr'><strong>enim</strong></span> <span class='ocrx_word' id='word_1_137' title='bbox 446 1535 540 1596; x_wconf 85' lang='lat' dir='ltr'><strong>simile</strong></span> <span class='ocrx_word' id='word_1_138' title='bbox 559 1543 605 1594; x_wconf 84' lang='lat' dir='ltr'><strong>est</strong></span> <span class='ocrx_word' id='word_1_139' title='bbox 619 1533 662 1595; x_wconf 90' lang='lat' dir='ltr'><strong>illi</strong></span> <span class='ocrx_word' id='word_1_140' title='bbox 684 1533 814 1611; x_wconf 79' lang='lat' dir='ltr'><strong>„liabeo</strong></span> <span class='ocrx_word' id='word_1_141' title='bbox 832 1537 897 1611; x_wconf 81' lang='lat' dir='ltr'><strong>ius,</strong></span> <span class='ocrx_word' id='word_1_142' title='bbox 919 1555 980 1597; x_wconf 80' lang='lat' dir='ltr'><strong>nost</strong></span> <span class='ocrx_word' id='word_1_143' title='bbox 1002 1536 1101 1598; x_wconf 79' lang='lat' dir='ltr'><strong>luc-76</strong></span> 
     </span>
    </p>
   </div>
   <div class='ocr_carea' id='block_1_8' title="bbox 4 1613 1099 2365">
    <p class='ocr_par' dir='ltr' id='par_1_8' title="bbox 46 1613 1099 2200">
     <span class='ocr_line' id='line_1_17' title="bbox 50 1613 1059 1697; baseline 0.001 -18"><span class='ocrx_word' id='word_1_144' title='bbox 50 1619 128 1679; x_wconf 82' lang='lat' dir='ltr'><strong>lrec“</strong></span> <span class='ocrx_word' id='word_1_145' title='bbox 151 1613 346 1693; x_wconf 59' lang='lat' dir='ltr'><strong>„Ouetdtcta</strong></span> <span class='ocrx_word' id='word_1_146' title='bbox 366 1617 462 1680; x_wconf 82' lang='lat' dir='ltr'><strong>Recte</strong></span> <span class='ocrx_word' id='word_1_147' title='bbox 481 1620 618 1680; x_wconf 77' lang='lat' dir='ltr'><strong>occidt.“</strong></span> <span class='ocrx_word' id='word_1_148' title='bbox 651 1617 717 1678; x_wconf 91' lang='lat' dir='ltr'><strong>Non</strong></span> <span class='ocrx_word' id='word_1_149' title='bbox 732 1636 827 1697; x_wconf 80' lang='lat' dir='ltr'><strong>nego,</strong></span> <span class='ocrx_word' id='word_1_150' title='bbox 844 1619 898 1679; x_wconf 88' lang='lat' dir='ltr'><strong>sed</strong></span> <span class='ocrx_word' id='word_1_151' title='bbox 913 1637 968 1680; x_wconf 87' lang='lat' dir='ltr'><strong>nec</strong></span> <span class='ocrx_word' id='word_1_152' title='bbox 984 1618 1059 1680; x_wconf 89' lang='lat' dir='ltr'><strong>haec</strong></span> 
     </span>
     <span class='ocr_line' id='line_1_18' title="bbox 51 1699 1058 1782; baseline 0.003 -23"><span class='ocrx_word' id='word_1_153' title='bbox 51 1719 99 1760; x_wconf 86' lang='lat' dir='ltr'><strong>res</strong></span> <span class='ocrx_word' id='word_1_154' title='bbox 117 1708 224 1762; x_wconf 85' lang='lat' dir='ltr'><strong>statum</strong></span> <span class='ocrx_word' id='word_1_155' title='bbox 241 1701 321 1762; x_wconf 87' lang='lat' dir='ltr'><strong>iacit.</strong></span> <span class='ocrx_word' id='word_1_156' title='bbox 352 1699 419 1761; x_wconf 89' lang='lat' dir='ltr'><strong>Non</strong></span> <span class='ocrx_word' id='word_1_157' title='bbox 438 1704 512 1762; x_wconf 90' lang='lat' dir='ltr'><strong>enim</strong></span> <span class='ocrx_word' id='word_1_158' title='bbox 527 1711 594 1762; x_wconf 88' lang='lat' dir='ltr'><strong>sunt</strong></span> <span class='ocrx_word' id='word_1_159' title='bbox 609 1702 665 1763; x_wconf 88' lang='lat' dir='ltr'><strong>hae</strong></span> <span class='ocrx_word' id='word_1_160' title='bbox 679 1705 913 1782; x_wconf 82' lang='lat' dir='ltr'><strong>propositiones,</strong></span> <span class='ocrx_word' id='word_1_161' title='bbox 932 1703 1058 1782; x_wconf 88' lang='lat' dir='ltr'><strong>(alioqui</strong></span> 
     </span>
     <span class='ocr_line' id='line_1_19' title="bbox 55 1784 1059 1866; baseline 0.004 -22"><span class='ocrx_word' id='word_1_162' title='bbox 55 1800 140 1845; x_wconf 90' lang='lat' dir='ltr'><strong>cansa</strong></span> <span class='ocrx_word' id='word_1_163' title='bbox 162 1801 224 1844; x_wconf 92' lang='lat' dir='ltr'><strong>non</strong></span> <span class='ocrx_word' id='word_1_164' title='bbox 249 1784 461 1866; x_wconf 78' lang='lat' dir='ltr'><strong>explicabitur)</strong></span> <span class='ocrx_word' id='word_1_165' title='bbox 488 1787 629 1847; x_wconf 83' lang='lat' dir='ltr'><strong>seticum</strong></span> <span class='ocrx_word' id='word_1_166' title='bbox 654 1788 714 1845; x_wconf 90' lang='lat' dir='ltr'><strong>suis</strong></span> <span class='ocrx_word' id='word_1_167' title='bbox 737 1787 906 1846; x_wconf 85' lang='lat' dir='ltr'><strong>rationibus.</strong></span> <span class='ocrx_word' id='word_1_168' title='bbox 949 1785 1059 1848; x_wconf 82' lang='lat' dir='ltr'><strong>Scelus</strong></span> 
     </span>
     <span class='ocr_line' id='line_1_20' title="bbox 52 1867 1058 1952; baseline 0 -22"><span class='ocrx_word' id='word_1_169' title='bbox 52 1870 199 1932; x_wconf 74' lang='lat' dir='ltr'><strong>cemnnteit</strong></span> <span class='ocrx_word' id='word_1_170' title='bbox 218 1867 382 1947; x_wconf 80' lang='lat' dir='ltr'><strong>Horatius,</strong></span> <span class='ocrx_word' id='word_1_171' title='bbox 402 1889 540 1952; x_wconf 77' lang='lat' dir='ltr'><strong>sororem</strong></span> <span class='ocrx_word' id='word_1_172' title='bbox 559 1871 636 1930; x_wconf 73' lang='lat' dir='ltr'><strong>enim</strong></span> <span class='ocrx_word' id='word_1_173' title='bbox 652 1871 775 1930; x_wconf 79' lang='lat' dir='ltr'><strong>cecidit.</strong></span> <span class='ocrx_word' id='word_1_174' title='bbox 812 1867 882 1931; x_wconf 83' lang='lat' dir='ltr'><strong>Non</strong></span> <span class='ocrx_word' id='word_1_175' title='bbox 900 1872 1058 1948; x_wconf 77' lang='lat' dir='ltr'><strong>commisit,</strong></span> 
     </span>
     <span class='ocr_line' id='line_1_21' title="bbox 50 1953 1057 2032; baseline 0.001 -18"><span class='ocrx_word' id='word_1_176' title='bbox 50 1954 155 2014; x_wconf 80' lang='lat' dir='ltr'><strong>deluit</strong></span> <span class='ocrx_word' id='word_1_177' title='bbox 173 1955 255 2014; x_wconf 83' lang='lat' dir='ltr'><strong>caim</strong></span> <span class='ocrx_word' id='word_1_178' title='bbox 269 1955 413 2016; x_wconf 81' lang='lat' dir='ltr'><strong>occidere</strong></span> <span class='ocrx_word' id='word_1_179' title='bbox 428 1973 512 2032; x_wconf 84' lang='lat' dir='ltr'><strong>eom,</strong></span> <span class='ocrx_word' id='word_1_180' title='bbox 536 1969 617 2032; x_wconf 83' lang='lat' dir='ltr'><strong>quoe</strong></span> <span class='ocrx_word' id='word_1_181' title='bbox 634 1953 729 2016; x_wconf 72' lang='lat' dir='ltr'><strong>lende</strong></span> <span class='ocrx_word' id='word_1_182' title='bbox 746 1961 871 2015; x_wconf 85' lang='lat' dir='ltr'><strong>mertem</strong></span> <span class='ocrx_word' id='word_1_183' title='bbox 888 1954 1057 2016; x_wconf 84' lang='lat' dir='ltr'><strong>maerebat.</strong></span> 
     </span>
     <span class='ocr_line' id='line_1_22' title="bbox 48 2034 1099 2115; baseline 0 -18"><span class='ocrx_word' id='word_1_184' title='bbox 48 2037 210 2114; x_wconf 77' lang='lat' dir='ltr'><strong>Quaestio,</strong></span> <span class='ocrx_word' id='word_1_185' title='bbox 233 2034 283 2098; x_wconf 71' lang='lat' dir='ltr'><strong>Ac</strong></span> <span class='ocrx_word' id='word_1_186' title='bbox 300 2039 379 2100; x_wconf 77' lang='lat' dir='ltr'><strong>laceo</strong></span> <span class='ocrx_word' id='word_1_187' title='bbox 395 2040 480 2101; x_wconf 77' lang='lat' dir='ltr'><strong>iusta</strong></span> <span class='ocrx_word' id='word_1_188' title='bbox 498 2039 618 2100; x_wconf 77' lang='lat' dir='ltr'><strong>consa?</strong></span> <span class='ocrx_word' id='word_1_189' title='bbox 638 2038 679 2098; x_wconf 90' lang='lat' dir='ltr'><strong>ita</strong></span> <span class='ocrx_word' id='word_1_190' title='bbox 697 2036 831 2115; x_wconf 82' lang='lat' dir='ltr'><strong>qualitas.</strong></span> <span class='ocrx_word' id='word_1_191' title='bbox 867 2036 906 2097; x_wconf 85' lang='lat' dir='ltr'><strong>Et</strong></span> <span class='ocrx_word' id='word_1_192' title='bbox 925 2037 1099 2097; x_wconf 81' lang='lat' dir='ltr'><strong>similiterit</strong></span> 
     </span>
     <span class='ocr_line' id='line_1_23' title="bbox 46 2121 1057 2200; baseline 0.002 -20"><span class='ocrx_word' id='word_1_193' title='bbox 46 2123 75 2181; x_wconf 89' lang='lat' dir='ltr'><strong>in</strong></span> <span class='ocrx_word' id='word_1_194' title='bbox 96 2121 307 2199; x_wconf 88' lang='lat' dir='ltr'><strong>translatione,</strong></span> <span class='ocrx_word' id='word_1_195' title='bbox 339 2121 408 2183; x_wconf 84' lang='lat' dir='ltr'><strong>Non</strong></span> <span class='ocrx_word' id='word_1_196' title='bbox 429 2122 525 2184; x_wconf 79' lang='lat' dir='ltr'><strong>lebes</strong></span> <span class='ocrx_word' id='word_1_197' title='bbox 545 2124 595 2183; x_wconf 83' lang='lat' dir='ltr'><strong>icc</strong></span> <span class='ocrx_word' id='word_1_198' title='bbox 614 2121 802 2199; x_wconf 79' lang='lat' dir='ltr'><strong>addicendi,</strong></span> <span class='ocrx_word' id='word_1_199' title='bbox 831 2123 905 2200; x_wconf 77' lang='lat' dir='ltr'><strong>quia</strong></span> <span class='ocrx_word' id='word_1_200' title='bbox 928 2123 1057 2200; x_wconf 73' lang='lat' dir='ltr'><strong>ipocrisi-</strong></span> 
     </span>
    </p>

    <p class='ocr_par' dir='ltr' id='par_1_9' title="bbox 4 2205 1058 2365">
     <span class='ocr_line' id='line_1_24' title="bbox 4 2205 1058 2288; baseline -0.002 -20"><span class='ocrx_word' id='word_1_201' title='bbox 4 2239 7 2288; x_wconf 56' lang='grc' dir='ltr'><strong>μ</strong></span> <span class='ocrx_word' id='word_1_202' title='bbox 46 2207 138 2268; x_wconf 78' lang='lat' dir='ltr'><strong>setoso</strong></span> <span class='ocrx_word' id='word_1_203' title='bbox 154 2223 217 2266; x_wconf 80' lang='lat' dir='ltr'><strong>noc</strong></span> <span class='ocrx_word' id='word_1_204' title='bbox 238 2215 281 2267; x_wconf 83' lang='lat' dir='ltr'><strong>est</strong></span> <span class='ocrx_word' id='word_1_205' title='bbox 299 2208 390 2268; x_wconf 82' lang='lat' dir='ltr'><strong>cotio·</strong></span> <span class='ocrx_word' id='word_1_206' title='bbox 422 2205 529 2268; x_wconf 76' lang='lat' dir='ltr'><strong>liabeo</strong></span> <span class='ocrx_word' id='word_1_207' title='bbox 546 2207 612 2275; x_wconf 76' lang='lat' dir='ltr'><strong>ius,</strong></span> <span class='ocrx_word' id='word_1_208' title='bbox 630 2206 704 2283; x_wconf 78' lang='lat' dir='ltr'><strong>quia</strong></span> <span class='ocrx_word' id='word_1_209' title='bbox 722 2205 880 2267; x_wconf 79' lang='lat' dir='ltr'><strong>abdicatio</strong></span> <span class='ocrx_word' id='word_1_210' title='bbox 896 2207 979 2266; x_wconf 81' lang='lat' dir='ltr'><strong>actio</strong></span> <span class='ocrx_word' id='word_1_211' title='bbox 999 2224 1058 2266; x_wconf 79' lang='lat' dir='ltr'><strong>ooo</strong></span> 
     </span>
     <span class='ocr_line' id='line_1_25' title="bbox 46 2287 1058 2365; baseline -0.003 -14"><span class='ocrx_word' id='word_1_212' title='bbox 46 2298 103 2352; x_wconf 84' lang='lat' dir='ltr'><strong>cst.</strong></span> <span class='ocrx_word' id='word_1_213' title='bbox 144 2287 317 2365; x_wconf 80' lang='lat' dir='ltr'><strong>Quaeritur,</strong></span> <span class='ocrx_word' id='word_1_214' title='bbox 341 2287 424 2363; x_wconf 75' lang='lat' dir='ltr'><strong>Ques</strong></span> <span class='ocrx_word' id='word_1_215' title='bbox 442 2292 482 2352; x_wconf 80' lang='lat' dir='ltr'><strong>sit</strong></span> <span class='ocrx_word' id='word_1_216' title='bbox 499 2291 599 2352; x_wconf 75' lang='lat' dir='ltr'><strong>ectio:</strong></span> <span class='ocrx_word' id='word_1_217' title='bbox 622 2289 769 2357; x_wconf 87' lang='lat' dir='ltr'><strong>finiemus;</strong></span> <span class='ocrx_word' id='word_1_218' title='bbox 792 2287 862 2350; x_wconf 81' lang='lat' dir='ltr'><strong>Non</strong></span> <span class='ocrx_word' id='word_1_219' title='bbox 877 2288 950 2349; x_wconf 84' lang='lat' dir='ltr'><strong>lc&#39;cet</strong></span> <span class='ocrx_word' id='word_1_220' title='bbox 967 2289 1058 2350; x_wconf 72' lang='lat' dir='ltr'><strong>aaut·</strong></span> 
     </span>
    </p>
   </div>
   <div class='ocr_carea' id='block_1_9' title="bbox 4 2369 1161 2450">
    <p class='ocr_par' dir='ltr' id='par_1_10' title="bbox 4 2369 1161 2450">
     <span class='ocr_line' id='line_1_26' title="bbox 4 2369 1161 2450; baseline -0.004 -14"><span class='ocrx_word' id='word_1_221' title='bbox 4 2421 6 2442; x_wconf 84' lang='lat'>‚</span> <span class='ocrx_word' id='word_1_222' title='bbox 46 2392 128 2436; x_wconf 83' lang='lat' dir='ltr'><strong>carc</strong></span> <span class='ocrx_word' id='word_1_223' title='bbox 147 2373 262 2450; x_wconf 72' lang='lat' dir='ltr'><strong>filium,</strong></span> <span class='ocrx_word' id='word_1_224' title='bbox 284 2371 484 2450; x_wconf 73' lang='lat' dir='ltr'><strong>syllogismos.</strong></span> <span class='ocrx_word' id='word_1_225' title='bbox 517 2372 590 2435; x_wconf 87' lang='lat' dir='ltr'><strong>ltem</strong></span> <span class='ocrx_word' id='word_1_226' title='bbox 609 2381 709 2434; x_wconf 88' lang='lat' dir='ltr'><strong>cetera</strong></span> <span class='ocrx_word' id='word_1_227' title='bbox 728 2389 782 2450; x_wconf 87' lang='lat' dir='ltr'><strong>per</strong></span> <span class='ocrx_word' id='word_1_228' title='bbox 805 2389 905 2432; x_wconf 89' lang='lat' dir='ltr'><strong>omnes</strong></span> <span class='ocrx_word' id='word_1_229' title='bbox 924 2380 953 2431; x_wconf 88' lang='lat' dir='ltr'><strong>et</strong></span> <span class='ocrx_word' id='word_1_230' title='bbox 969 2373 1057 2434; x_wconf 87' lang='lat' dir='ltr'><strong>ratio·</strong></span> <span class='ocrx_word' id='word_1_231' title='bbox 1158 2369 1161 2376; x_wconf 83' lang='lat'>&#39;</span> 
     </span>
    </p>
   </div>
   <div class='ocr_carea' id='block_1_10' title="bbox 4 2451 1100 2873">
    <p class='ocr_par' dir='ltr' id='par_1_11' title="bbox 4 2451 1100 2534">
     <span class='ocr_line' id='line_1_27' title="bbox 4 2451 1100 2534; baseline -0.001 -20"><span class='ocrx_word' id='word_1_232' title='bbox 4 2451 6 2514; x_wconf 75' lang='lat'>3</span> <span class='ocrx_word' id='word_1_233' title='bbox 47 2457 135 2518; x_wconf 77' lang='lat' dir='ltr'><strong>sales</strong></span> <span class='ocrx_word' id='word_1_234' title='bbox 161 2465 192 2516; x_wconf 86' lang='lat' dir='ltr'><strong>et</strong></span> <span class='ocrx_word' id='word_1_235' title='bbox 213 2455 328 2534; x_wconf 79' lang='lat' dir='ltr'><strong>legales</strong></span> <span class='ocrx_word' id='word_1_236' title='bbox 348 2466 449 2518; x_wconf 87' lang='lat' dir='ltr'><strong>status.</strong></span> <span class='ocrx_word' id='word_1_237' title='bbox 493 2455 557 2517; x_wconf 90' lang='lat' dir='ltr'><strong>Nec</strong></span> <span class='ocrx_word' id='word_1_238' title='bbox 578 2458 682 2534; x_wconf 82' lang='lat' dir='ltr'><strong>ignoro</strong></span> <span class='ocrx_word' id='word_1_239' title='bbox 705 2455 796 2516; x_wconf 77' lang='lat' dir='ltr'><strong>tuisse</strong></span> <span class='ocrx_word' id='word_1_240' title='bbox 822 2456 979 2534; x_wconf 89' lang='lat' dir='ltr'><strong>quosdam,</strong></span> <span class='ocrx_word' id='word_1_241' title='bbox 1009 2457 1058 2534; x_wconf 91' lang='lat' dir='ltr'><strong>qui</strong></span> <span class='ocrx_word' id='word_1_242' title='bbox 1067 2461 1100 2516; x_wconf 83' lang='grc'><strong>78</strong></span> 
     </span>
    </p>

    <p class='ocr_par' dir='ltr' id='par_1_12' title="bbox 4 2540 1058 2704">
     <span class='ocr_line' id='line_1_28' title="bbox 4 2540 1058 2620; baseline 0.004 -24"><span class='ocrx_word' id='word_1_243' title='bbox 4 2559 7 2596; x_wconf 81' lang='lat' dir='ltr'><strong>t</strong></span> <span class='ocrx_word' id='word_1_244' title='bbox 50 2540 275 2602; x_wconf 85' lang='lat' dir='ltr'><strong>translationem</strong></span> <span class='ocrx_word' id='word_1_245' title='bbox 291 2541 463 2602; x_wconf 88' lang='lat' dir='ltr'><strong>inrationali</strong></span> <span class='ocrx_word' id='word_1_246' title='bbox 476 2557 592 2620; x_wconf 88' lang='lat' dir='ltr'><strong>quoque</strong></span> <span class='ocrx_word' id='word_1_247' title='bbox 608 2558 719 2618; x_wconf 82' lang='lat' dir='ltr'><strong>genere</strong></span> <span class='ocrx_word' id='word_1_248' title='bbox 731 2549 875 2619; x_wconf 86' lang='lat' dir='ltr'><strong>ponerent</strong></span> <span class='ocrx_word' id='word_1_249' title='bbox 889 2541 946 2599; x_wconf 91' lang='lat' dir='ltr'><strong>hoc</strong></span> <span class='ocrx_word' id='word_1_250' title='bbox 959 2540 1058 2615; x_wconf 87' lang='lat' dir='ltr'><strong>modo,</strong></span> 
     </span>
     <span class='ocr_line' id='line_1_29' title="bbox 47 2622 1058 2704; baseline 0 -18"><span class='ocrx_word' id='word_1_251' title='bbox 47 2623 347 2702; x_wconf 70' lang='lat' dir='ltr'><strong>ammonetur,</strong></span> <span class='ocrx_word' id='word_1_252' title='bbox 366 2627 470 2688; x_wconf 80' lang='lat' dir='ltr'><strong>iussus</strong></span> <span class='ocrx_word' id='word_1_253' title='bbox 488 2626 529 2687; x_wconf 81' lang='lat' dir='ltr'><strong>ab</strong></span> <span class='ocrx_word' id='word_1_254' title='bbox 545 2627 741 2704; x_wconf 79' lang='lat' dir='ltr'><strong>imperatore.</strong></span> <span class='ocrx_word' id='word_1_255' title='bbox 776 2622 868 2686; x_wconf 82' lang='lat' dir='ltr'><strong>Dona</strong></span> <span class='ocrx_word' id='word_1_256' title='bbox 884 2625 989 2702; x_wconf 81' lang='lat' dir='ltr'><strong>templi</strong></span> <span class='ocrx_word' id='word_1_257' title='bbox 1007 2643 1058 2686; x_wconf 91' lang='lat' dir='ltr'><strong>co-</strong></span> 
     </span>
    </p>

    <p class='ocr_par' dir='ltr' id='par_1_13' title="bbox 4 2703 1059 2792">
     <span class='ocr_line' id='line_1_30' title="bbox 4 2703 1059 2792; baseline -0.004 -20"><span class='ocrx_word' id='word_1_258' title='bbox 4 2703 6 2792; x_wconf 68' lang='lat' dir='ltr'>j</span> <span class='ocrx_word' id='word_1_259' title='bbox 47 2711 135 2788; x_wconf 71' lang='lat' dir='ltr'><strong>pecti</strong></span> <span class='ocrx_word' id='word_1_260' title='bbox 160 2717 293 2790; x_wconf 65' lang='lat' dir='ltr'><strong>madoco</strong></span> <span class='ocrx_word' id='word_1_261' title='bbox 315 2711 396 2772; x_wconf 85' lang='lat' dir='ltr'><strong>dedi.</strong></span> <span class='ocrx_word' id='word_1_262' title='bbox 439 2708 574 2772; x_wconf 72' lang='lat' dir='ltr'><strong>Deserta·</strong></span> <span class='ocrx_word' id='word_1_263' title='bbox 597 2709 845 2788; x_wconf 79' lang='lat' dir='ltr'><strong>tempestatibus,</strong></span> <span class='ocrx_word' id='word_1_264' title='bbox 872 2705 1059 2785; x_wconf 72' lang='lat' dir='ltr'><strong>fluminibus,</strong></span> 
     </span>
    </p>

    <p class='ocr_par' dir='ltr' id='par_1_14' title="bbox 4 2791 1060 2873">
     <span class='ocr_line' id='line_1_31' title="bbox 4 2791 1060 2873; baseline -0.006 -17"><span class='ocrx_word' id='word_1_265' title='bbox 4 2799 6 2868; x_wconf 69' lang='grc' dir='ltr'>ξ</span> <span class='ocrx_word' id='word_1_266' title='bbox 48 2795 231 2856; x_wconf 79' lang='lat' dir='ltr'><strong>valetudine</strong></span> <span class='ocrx_word' id='word_1_267' title='bbox 249 2795 432 2873; x_wconf 79' lang='lat' dir='ltr'><strong>impeditus,</strong></span> <span class='ocrx_word' id='word_1_268' title='bbox 464 2793 493 2855; x_wconf 94' lang='lat' dir='ltr'><strong>id</strong></span> <span class='ocrx_word' id='word_1_269' title='bbox 515 2801 579 2870; x_wconf 84' lang='lat' dir='ltr'><strong>est,</strong></span> <span class='ocrx_word' id='word_1_270' title='bbox 609 2809 667 2853; x_wconf 90' lang='lat' dir='ltr'><strong>non</strong></span> <span class='ocrx_word' id='word_1_271' title='bbox 688 2809 743 2870; x_wconf 90' lang='lat' dir='ltr'><strong>per</strong></span> <span class='ocrx_word' id='word_1_272' title='bbox 763 2809 810 2851; x_wconf 86' lang='lat' dir='ltr'><strong>me</strong></span> <span class='ocrx_word' id='word_1_273' title='bbox 833 2792 913 2850; x_wconf 86' lang='lat' dir='ltr'><strong>stetit</strong></span> <span class='ocrx_word' id='word_1_274' title='bbox 934 2791 987 2850; x_wconf 89' lang='lat' dir='ltr'><strong>sed</strong></span> <span class='ocrx_word' id='word_1_275' title='bbox 1005 2809 1060 2869; x_wconf 84' lang='lat' dir='ltr'><strong>per</strong></span> 
     </span>
    </p>
   </div>
   <div class='ocr_carea' id='block_1_11' title="bbox 4 2869 1217 2958">
    <p class='ocr_par' dir='ltr' id='par_1_15' title="bbox 4 2869 1217 2958">
     <span class='ocr_line' id='line_1_32' title="bbox 4 2869 1217 2958; baseline -0.002 -21"><span class='ocrx_word' id='word_1_276' title='bbox 4 2869 5 2888; x_wconf 63' lang='lat'><strong>.</strong></span> <span class='ocrx_word' id='word_1_277' title='bbox 48 2877 136 2938; x_wconf 72' lang='lat' dir='ltr'><strong>illud.</strong></span> <span class='ocrx_word' id='word_1_278' title='bbox 183 2877 336 2957; x_wconf 86' lang='lat' dir='ltr'><strong>Aquibus</strong></span> <span class='ocrx_word' id='word_1_279' title='bbox 357 2880 442 2939; x_wconf 89' lang='lat' dir='ltr'><strong>etiam</strong></span> <span class='ocrx_word' id='word_1_280' title='bbox 464 2877 583 2938; x_wconf 87' lang='lat' dir='ltr'><strong>liberius</strong></span> <span class='ocrx_word' id='word_1_281' title='bbox 606 2876 757 2938; x_wconf 89' lang='lat' dir='ltr'><strong>dissentio.</strong></span> <span class='ocrx_word' id='word_1_282' title='bbox 797 2873 864 2934; x_wconf 91' lang='lat' dir='ltr'><strong>Non</strong></span> <span class='ocrx_word' id='word_1_283' title='bbox 886 2875 961 2934; x_wconf 92' lang='lat' dir='ltr'><strong>enim</strong></span> <span class='ocrx_word' id='word_1_284' title='bbox 981 2873 1101 2935; x_wconf 74' lang='lat' dir='ltr'><strong>seticis</strong></span> <span class='ocrx_word' id='word_1_285' title='bbox 1196 2933 1217 2958; x_wconf 80' lang='grc' dir='ltr'><strong> </strong></span> 
     </span>
    </p>
   </div>
   <div class='ocr_carea' id='block_1_12' title="bbox 4 2959 1060 3388">
    <p class='ocr_par' dir='ltr' id='par_1_16' title="bbox 4 2959 1060 3388">
     <span class='ocr_line' id='line_1_33' title="bbox 48 2959 1058 3040; baseline -0.001 -19"><span class='ocrx_word' id='word_1_286' title='bbox 48 2962 229 3022; x_wconf 85' lang='lat' dir='ltr'><strong>transfertur</strong></span> <span class='ocrx_word' id='word_1_287' title='bbox 246 2963 299 3022; x_wconf 90' lang='lat' dir='ltr'><strong>sed</strong></span> <span class='ocrx_word' id='word_1_288' title='bbox 316 2979 404 3022; x_wconf 87' lang='lat' dir='ltr'><strong>causa</strong></span> <span class='ocrx_word' id='word_1_289' title='bbox 426 2963 513 3038; x_wconf 87' lang='lat' dir='ltr'><strong>iacti,</strong></span> <span class='ocrx_word' id='word_1_290' title='bbox 529 2961 615 3040; x_wconf 63' lang='lat' dir='ltr'><strong>‘quod</strong></span> <span class='ocrx_word' id='word_1_291' title='bbox 633 2960 739 3020; x_wconf 88' lang='lat' dir='ltr'><strong>accidit</strong></span> <span class='ocrx_word' id='word_1_292' title='bbox 755 2977 850 3038; x_wconf 87' lang='lat' dir='ltr'><strong>paene</strong></span> <span class='ocrx_word' id='word_1_293' title='bbox 872 2960 902 3018; x_wconf 87' lang='lat' dir='ltr'><strong>in</strong></span> <span class='ocrx_word' id='word_1_294' title='bbox 917 2961 993 3020; x_wconf 86' lang='lat' dir='ltr'><strong>omni</strong></span> <span class='ocrx_word' id='word_1_295' title='bbox 1008 2959 1058 3020; x_wconf 91' lang='lat' dir='ltr'><strong>de-</strong></span> 
     </span>
     <span class='ocr_line' id='line_1_34' title="bbox 53 3043 1060 3125; baseline -0.006 -17.278"><span class='ocrx_word' id='word_1_296' title='bbox 53 3046 200 3111; x_wconf 66' lang='lat' dir='ltr'><strong>bnsioue.</strong></span> <span class='ocrx_word' id='word_1_297' title='bbox 235 3046 349 3106; x_wconf 87' lang='lat' dir='ltr'><strong>Deinde</strong></span> <span class='ocrx_word' id='word_1_298' title='bbox 370 3049 413 3123; x_wconf 89' lang='lat' dir='ltr'><strong>is,</strong></span> <span class='ocrx_word' id='word_1_299' title='bbox 435 3045 550 3125; x_wconf 90' lang='lat' dir='ltr'><strong>quitali</strong></span> <span class='ocrx_word' id='word_1_300' title='bbox 571 3045 659 3106; x_wconf 90' lang='lat' dir='ltr'><strong>utitur</strong></span> <span class='ocrx_word' id='word_1_301' title='bbox 676 3045 855 3124; x_wconf 86' lang='lat' dir='ltr'><strong>patrocinio,</strong></span> <span class='ocrx_word' id='word_1_302' title='bbox 873 3056 931 3104; x_wconf 88' lang='lat' dir='ltr'><strong>non</strong></span> <span class='ocrx_word' id='word_1_303' title='bbox 945 3043 1060 3104; x_wconf 88' lang='lat' dir='ltr'><strong>recedit</strong></span> 
     </span>
     <span class='ocr_line' id='line_1_35' title="bbox 4 3127 1058 3208; baseline -0.004 -20"><span class='ocrx_word' id='word_1_304' title='bbox 4 3139 6 3188; x_wconf 80' lang='lat' dir='ltr'><strong>t</strong></span> <span class='ocrx_word' id='word_1_305' title='bbox 51 3131 181 3191; x_wconf 74' lang='lat' dir='ltr'><strong>a&#39;srma</strong></span> <span class='ocrx_word' id='word_1_306' title='bbox 204 3131 367 3208; x_wconf 88' lang='lat' dir='ltr'><strong>qualitatis,</strong></span> <span class='ocrx_word' id='word_1_307' title='bbox 394 3131 463 3192; x_wconf 90' lang='lat' dir='ltr'><strong>dicit</strong></span> <span class='ocrx_word' id='word_1_308' title='bbox 484 3132 577 3206; x_wconf 85' lang='lat' dir='ltr'><strong>enirn,</strong></span> <span class='ocrx_word' id='word_1_309' title='bbox 603 3147 636 3188; x_wconf 88' lang='lat' dir='ltr'><strong>se</strong></span> <span class='ocrx_word' id='word_1_310' title='bbox 658 3127 745 3207; x_wconf 89' lang='lat' dir='ltr'><strong>culpa</strong></span> <span class='ocrx_word' id='word_1_311' title='bbox 765 3145 888 3196; x_wconf 87' lang='lat' dir='ltr'><strong>vacarc;</strong></span> <span class='ocrx_word' id='word_1_312' title='bbox 914 3136 945 3187; x_wconf 89' lang='lat' dir='ltr'><strong>ut</strong></span> <span class='ocrx_word' id='word_1_313' title='bbox 966 3127 1058 3202; x_wconf 84' lang='lat' dir='ltr'><strong>magis</strong></span> 
     </span>
     <span class='ocr_line' id='line_1_36' title="bbox 4 3209 1058 3293; baseline -0.008 -17"><span class='ocrx_word' id='word_1_314' title='bbox 4 3239 5 3254; x_wconf 56' lang='lat'>¹</span> <span class='ocrx_word' id='word_1_315' title='bbox 54 3231 64 3290; x_wconf 83' lang='lat' dir='ltr'><strong>q</strong></span> <span class='ocrx_word' id='word_1_316' title='bbox 96 3214 203 3276; x_wconf 75' lang='lat' dir='ltr'><strong>alitatis</strong></span> <span class='ocrx_word' id='word_1_317' title='bbox 222 3214 332 3293; x_wconf 86' lang='lat' dir='ltr'><strong>duplex</strong></span> <span class='ocrx_word' id='word_1_318' title='bbox 347 3216 422 3275; x_wconf 88' lang='lat' dir='ltr'><strong>ratio</strong></span> <span class='ocrx_word' id='word_1_319' title='bbox 440 3214 573 3275; x_wconf 87' lang='lat' dir='ltr'><strong>iacienda</strong></span> <span class='ocrx_word' id='word_1_320' title='bbox 589 3213 636 3288; x_wconf 90' lang='lat' dir='ltr'><strong>sit,</strong></span> <span class='ocrx_word' id='word_1_321' title='bbox 656 3211 748 3272; x_wconf 87' lang='lat' dir='ltr'><strong>altera</strong></span> <span class='ocrx_word' id='word_1_322' title='bbox 766 3228 823 3290; x_wconf 89' lang='lat' dir='ltr'><strong>qua</strong></span> <span class='ocrx_word' id='word_1_323' title='bbox 840 3221 869 3271; x_wconf 89' lang='lat' dir='ltr'><strong>et</strong></span> <span class='ocrx_word' id='word_1_324' title='bbox 883 3211 991 3272; x_wconf 88' lang='lat' dir='ltr'><strong>iactum</strong></span> <span class='ocrx_word' id='word_1_325' title='bbox 1009 3209 1058 3270; x_wconf 93' lang='lat' dir='ltr'><strong>de·</strong></span> 
     </span>
     <span class='ocr_line' id='line_1_37' title="bbox 4 3263 601 3388; baseline -0.003 -30"><span class='ocrx_word' id='word_1_326' title='bbox 4 3263 8 3388; x_wconf 53' lang='lat' dir='ltr'>J</span> <span class='ocrx_word' id='word_1_327' title='bbox 50 3297 64 3358; x_wconf 89' lang='lat' dir='ltr'><strong>l</strong></span> <span class='ocrx_word' id='word_1_328' title='bbox 96 3299 198 3374; x_wconf 80' lang='lat' dir='ltr'><strong>aditur,</strong></span> <span class='ocrx_word' id='word_1_329' title='bbox 217 3299 310 3360; x_wconf 87' lang='lat' dir='ltr'><strong>altera</strong></span> <span class='ocrx_word' id='word_1_330' title='bbox 326 3317 382 3378; x_wconf 92' lang='lat' dir='ltr'><strong>qua</strong></span> <span class='ocrx_word' id='word_1_331' title='bbox 398 3307 505 3360; x_wconf 89' lang='lat' dir='ltr'><strong>tantum</strong></span> <span class='ocrx_word' id='word_1_332' title='bbox 522 3317 601 3358; x_wconf 91' lang='lat' dir='ltr'><strong>reus.</strong></span> 
     </span>
    </p>
   </div>
   <div class='ocr_carea' id='block_1_13' title="bbox 142 3378 1102 3462">
    <p class='ocr_par' dir='ltr' id='par_1_17' title="bbox 142 3347 1218 3468">
     <span class='ocr_line' id='line_1_38' title="bbox 142 3378 1102 3462; baseline -0.007 -18"><span class='ocrx_word' id='word_1_333' title='bbox 142 3380 326 3444; x_wconf 79' lang='lat' dir='ltr'><strong>Credendum</strong></span> <span class='ocrx_word' id='word_1_334' title='bbox 344 3393 389 3443; x_wconf 88' lang='lat' dir='ltr'><strong>est</strong></span> <span class='ocrx_word' id='word_1_335' title='bbox 404 3384 490 3462; x_wconf 82' lang='lat' dir='ltr'><strong>igitur</strong></span> <span class='ocrx_word' id='word_1_336' title='bbox 504 3381 566 3460; x_wconf 88' lang='lat' dir='ltr'><strong>his,</strong></span> <span class='ocrx_word' id='word_1_337' title='bbox 588 3398 708 3461; x_wconf 90' lang='lat' dir='ltr'><strong>quorum</strong></span> <span class='ocrx_word' id='word_1_338' title='bbox 724 3378 926 3441; x_wconf 88' lang='lat' dir='ltr'><strong>auctoritatem</strong></span> <span class='ocrx_word' id='word_1_339' title='bbox 941 3381 1102 3438; x_wconf 83' lang='lat' dir='ltr'><strong>seeutcseo</strong></span> 
     </span>
    </p>
   </div>
   <div class='ocr_carea' id='block_1_14' title="bbox 4 3449 1069 3588">
    <p class='ocr_par' dir='ltr' id='par_1_18' title="bbox 4 3449 1069 3588">
     <span class='ocr_line' id='line_1_39' title="bbox 4 3449 1069 3588; baseline -0.005 -61"><span class='ocrx_word' id='word_1_340' title='bbox 4 3449 8 3588; x_wconf 58' lang='lat' dir='ltr'><strong>p</strong></span> <span class='ocrx_word' id='word_1_341' title='bbox 52 3483 64 3526; x_wconf 81' lang='lat' dir='ltr'><strong>e</strong></span> <span class='ocrx_word' id='word_1_342' title='bbox 120 3464 239 3546; x_wconf 84' lang='lat' dir='ltr'><strong>Gicero,</strong></span> <span class='ocrx_word' id='word_1_343' title='bbox 256 3469 329 3530; x_wconf 91' lang='lat' dir='ltr'><strong>tria</strong></span> <span class='ocrx_word' id='word_1_344' title='bbox 345 3485 423 3546; x_wconf 88' lang='lat' dir='ltr'><strong>esse,</strong></span> <span class='ocrx_word' id='word_1_345' title='bbox 439 3484 514 3548; x_wconf 89' lang='lat' dir='ltr'><strong>quae</strong></span> <span class='ocrx_word' id='word_1_346' title='bbox 530 3467 649 3527; x_wconf 89' lang='lat' dir='ltr'><strong>inomni</strong></span> <span class='ocrx_word' id='word_1_347' title='bbox 665 3463 859 3544; x_wconf 88' lang='lat' dir='ltr'><strong>disputatione</strong></span> <span class='ocrx_word' id='word_1_348' title='bbox 874 3467 1069 3543; x_wconf 82' lang='lat' dir='ltr'><strong>quaerantur,</strong></span> 
     </span>
    </p>
   </div>
   <div class='ocr_carea' id='block_1_15' title="bbox 4 3595 7 3626">
    <p class='ocr_par' dir='ltr' id='par_1_19' title="bbox 4 3595 7 3626">
     <span class='ocr_line' id='line_1_40' title="bbox 4 3595 7 3626; baseline 0 0"><span class='ocrx_word' id='word_1_349' title='bbox 4 3595 7 3626; x_wconf 86' lang='lat' dir='ltr'><strong>t</strong></span> 
     </span>
    </p>
   </div>
   <div class='ocr_carea' id='block_1_16' title="bbox 4 3633 7 3743">
    <p class='ocr_par' dir='ltr' id='par_1_20' title="bbox 4 3633 7 3743">
     <span class='ocr_line' id='line_1_41' title="bbox 4 3633 7 3743; baseline 0 0"><span class='ocrx_word' id='word_1_350' title='bbox 4 3633 7 3743; x_wconf 84' lang='lat' dir='ltr'><strong>t</strong></span> 
     </span>
    </p>
   </div>
   <div class='ocr_carea' id='block_1_17' title="bbox 1067 3477 1218 3719">
    <p class='ocr_par' dir='ltr' id='par_1_21' title="bbox 1067 3477 1218 3719">
     <span class='ocr_line' id='line_1_42' title="bbox 1067 3477 1218 3584; baseline 0 -6"><span class='ocrx_word' id='word_1_351' title='bbox 1067 3529 1081 3578; x_wconf 76' lang='lat'><strong>.</strong></span> <span class='ocrx_word' id='word_1_352' title='bbox 1179 3477 1218 3584; x_wconf 66' lang='lat'><strong>2³·</strong></span> 
     </span>
     <span class='ocr_line' id='line_1_43' title="bbox 1162 3603 1192 3670; baseline 0 0"><span class='ocrx_word' id='word_1_353' title='bbox 1162 3603 1192 3670; x_wconf 77' lang='lat' dir='ltr'><strong>t</strong></span> 
     </span>
     <span class='ocr_line' id='line_1_44' title="bbox 1146 3671 1192 3719; baseline 0 0"><span class='ocrx_word' id='word_1_354' title='bbox 1146 3671 1192 3719; x_wconf 59' lang='lat' dir='ltr'><strong>.ss</strong></span> 
     </span>
    </p>
   </div>
   <div class='ocr_carea' id='block_1_18' title="bbox 0 0 1228 3962">
    <p class='ocr_par' dir='ltr' id='par_1_22' title="bbox 0 0 1228 3962">
     <span class='ocr_line' id='line_1_45' title="bbox 0 0 1228 3962; baseline 0 0"><span class='ocrx_word' id='word_1_355' title='bbox 0 0 1228 3962; x_wconf 95' lang='lat' dir='ltr'><strong> </strong></span> 
     </span>
    </p>
   </div>
  </div>
 </body>
</html>
