2436 3956
308 225 396 274 mss.
413 225 562 276 onerose.
578 228 647 276 mo.
662 229 710 296 1x,
727 227 753 280 1.
994 221 1036 282 93

7 363 9 372 Α
37 382 144 457 utitur,
159 387 235 440 'sunt
255 381 306 457 qai
316 385 438 458 putent,
460 379 579 441 idcirco
602 380 667 440 eius
688 385 887 462 eloquentiam
907 389 1039 450 macione

36 483 107 528 esse
126 464 321 524 laudabilem.
348 460 388 524 Et
401 481 474 524 aere
483 466 586 524 nullus
597 464 665 542 fere
676 468 715 527 ab
731 487 765 528 eo
779 469 864 535 locus
879 469 945 530 sine
960 488 1038 547 qua·

37 549 116 614 dam
131 546 369 624 conforrnatione
378 548 546 608 sententiae
554 548 684 624 dieitur,
699 568 756 610 nec
771 551 859 611 uliud
876 554 1039 631 quicquam
1138 609 1139 614 ,
1216 627 1217 634 ἵ

36 639 86 693 est
105 630 228 704 dicere,
250 629 310 689 nisi
329 647 432 690 omnes
452 639 506 690 aut
526 637 608 691 corte
629 629 798 711 plerusque
816 635 922 710 aliqua
937 637 1039 714 specie

36 713 216 774 illunoinore
228 713 402 773 sententias.
435 709 522 784 Quas
537 731 605 773 cum
623 722 654 773 tu
665 717 784 792 optime,
801 715 907 794 Brute,
924 726 1077 795 teneas‚41

36 797 117 876 quid
143 796 249 855 attinet
273 796 443 858 nominibus
466 797 511 856 uti
533 804 587 856 aut
612 799 778 876 eaemplis?
824 798 1039 862 Tantummodo

35 887 161 941 notetur
179 878 274 939 locus.
311 877 366 939 Sic
386 879 479 956 ipitur
498 879 580 940 dicet
599 881 668 955 ille,
697 898 786 958 quem
808 884 989 960 eapetimus,
1007 892 1040 944 ut

36 969 141 1024 verset
165 978 260 1039 saepe
280 962 381 1021 multis
394 962 492 1023 modis
505 963 614 1022 eadem
634 971 663 1024 et
679 964 714 1024 in
730 983 792 1024 una
813 984 848 1026 re
863 964 991 1027 haereat
1006 967 1039 1026 in

36 1045 209 1120 eodemque
223 1051 424 1106 commoretur
438 1046 596 1106 sententie.
628 1044 732 1124 Saepe
747 1049 837 1108 edom
851 1055 885 1107 ut
899 1056 1081 1116 eatenuet42

36 1127 176 1206 aliquid,
199 1144 293 1205 saepe
314 1134 349 1188 ut
368 1128 516 1204 irrideat,
539 1136 572 1187 ut
592 1128 722 1190 declinet
742 1149 762 1191 a
773 1131 932 1210 proposito
947 1129 1040 1208 delle·

37 1216 164 1287 alatque
185 1211 385 1279 senteutiam
407 1218 439 1270 ut
463 1218 632 1288 proponat,
661 1213 736 1289 quid
757 1214 897 1273 dicturus
917 1215 977 1282 sit,-
996 1221 1040 1291 ut,

36 1313 110 1356 oum
125 1294 308 1371 transeperit
321 1295 384 1354 iarn
399 1293 533 1370 aliquid,
551 1292 695 1371 definiat,
715 1303 749 1356 ul
768 1315 802 1356 se
822 1297 889 1375 ipse
908 1305 1040 1370 reuocet,

36 1385 83 1454 ut,
105 1376 189 1453 quod
203 1376 327 1451 ament,
342 1377 449 1447 iterem
464 1384 497 1436 ut
510 1385 720 1454 oruamentum
733 1381 853 1439 ratione
865 1379 1040 1456 concludat,

37 1467 73 1520 nt
94 1460 316 1536 interropando
335 1468 460 1538 arqeat,
488 1467 521 1519 ut
540 1478 650 1520 rursus
671 1463 761 1539 quasi
787 1463 832 1524 ad
850 1463 1041 1540 interropotu

37 1543 101 1604 sibi
113 1543 181 1620 ipse
201 1543 404 1620 respondeam
418 1551 452 1602 ut
467 1549 591 1619 contra,
607 1558 647 1603 ac
664 1545 759 1621 dicat,
773 1546 878 1623 accipi
891 1554 920 1606 et
934 1545 1042 1605 sentiri
1047 1551 1082 1607 43
1150 1539 1153 1544 ’

36 1627 130 1694 celim
144 1631 178 1684 ut
191 1625 361 1700 addubitet,
378 1626 452 1703 quid
462 1627 565 1704 potius
580 1635 633 1687 aut
648 1642 708 1704 quo
724 1629 813 1689 modo
828 1629 929 1704 dieat,
942 1635 977 1688 ut
992 1629 1040 1687 di-

40 1707 171 1769 videtin
184 1715 307 1786 partes,
330 1715 362 1768 nt
377 1710 495 1786 aliquid
513 1709 666 1785 relinquat
686 1728 726 1770 uc
743 1711 893 1790 nepliqal,
914 1717 948 1770 ut
970 1716 1042 1770 ante

37 1791 254 1871 praemuniam
274 1800 308 1852 at
327 1793 365 1862 in,
375 1811 410 1853 eo
425 1794 503 1867 ipso,
520 1792 553 1853 in
567 1806 627 1868 quo
641 1793 901 1871 reprehendatur,
919 1793 1041 1871 culpam

37 1877 73 1936 in
88 1873 304 1936 aduersarium
324 1875 483 1954 conferat,¹
505 1883 538 1935 ut
558 1892 653 1952 saepe
669 1894 737 1936 cum
752 1877 809 1952 iis,
832 1877 884 1952 qui
900 1876 1048 1950 audiunt,

36 1972 258 2034 nonnunquam
277 1959 367 2018 etiam
398 1975 466 2018 oum
490 1957 675 2019 aduersario
703 1959 792 2034 quasi
817 1958 964 2018 deliberet
971 1979 985 2026 ‚·
1009 1961 1083 2017 atla

37 2038 192 2103 mutuom
203 2057 303 2101 mores
318 2057 534 2118 sermonesque
551 2041 727 2110 describam
740 2050 773 2102 ut
787 2048 871 2101 muta
886 2041 1042 2119 quaedam

36 2124 195 2202 loquentia
210 2123 356 2201 inducat,
382 2131 416 2184 at
431 2124 472 2184 ab
491 2143 526 2185 eo
548 2125 629 2201 quod
646 2124 750 2201 apilur
772 2131 894 2185 auertat
912 2123 1041 2197 animos,

1 2269 2 2280 ,
34 2216 72 2269 ut
87 2208 228 2285 saepcin
242 2206 427 2268 hilaritatem
443 2208 576 2268 risumve
592 2215 756 2283 concertat,
771 2215 804 2267 ut
819 2211 1055 2283 anteocoupet,¹
1127 2259 1128 2266 ,

1 2309 2 2316 “
37 2292 124 2370 quod
136 2291 280 2351 uideatur
296 2291 418 2368 opponi,
435 2297 467 2349 ut
483 2298 637 2369 oornparet
650 2290 874 2365 similitudines,
889 2296 922 2348 ut
936 2294 1043 2349 ututur

38 2373 200 2452 exemplis,
220 2380 253 2432 ut
267 2373 355 2434 uliud
369 2373 424 2432 alii
442 2374 578 2435 tribuens
595 2373 773 2452 dispertiat,
788 2379 821 2434 ut
835 2372 1042 2450 interpellato·

37 2475 107 2518 rem
123 2464 278 2532 comoedi,
303 2464 337 2516 ut
359 2456 479 2533 aliquid
497 2456 629 2518 relicere
645 2474 679 2517 se
696 2456 798 2532 dicat,
821 2465 854 2517 ut
876 2454 1042 2530 denuntiet,

38 2541 118 2619 qnid
133 2540 442 2614 adventatium
459 2540 534 2617 quid
555 2541 687 2616 audeat,
709 2547 742 2600 ut
763 2541 923 2601 irascatur
940 2539 1058 2612 etlam,-

37 2631 75 2685 ut
88 2623 231 2700 oliurpet
243 2623 421 2700 aliquando,
438 2631 471 2682 ut
486 2622 679 2700 deprecetur,
694 2630 728 2683 ut
741 2623 909 2701 supplicet,
930 2630 964 2680 ut
980 2637 1042 2679 me·

38 2708 171 2782 deutur,
186 2712 220 2765 ut
233 2722 254 2765 a
268 2707 423 2784 proposito
438 2703 568 2766 declinet
583 2705 824 2784 aliquantulum,
845 2713 878 2765 ut
892 2709 990 2781 optet,
1009 2707 1044 2762 ut

38 2797 224 2864 eaecrctur,
246 2796 279 2849 ut
293 2789 350 2868 flat
365 2790 420 2864 iis,
435 2789 523 2866 apud
537 2803 613 2867 quos
628 2789 719 2864 dicet,
732 2788 907 2866 familiaris.
943 2782 1084 2862 Atqae45

38 2873 125 2934 alins
147 2871 238 2952 edam
260 2872 384 2933 dicendi
411 2873 502 2950 quasi
524 2874 652 2934 uirtutes
674 2879 837 2950 sequetur,
865 2870 1045 2931 brevitatem

36 2963 132 3036 petet,
147 2971 243 3034 saepe
259 2956 349 3017 eliam
365 2974 429 3016 rem
445 2954 575 3018 dicendo
596 2955 736 3016 subiiciet
751 2954 864 3030 oculis,
881 2970 976 3031 saepe
990 2969 1044 3012 sa·

36 3055 104 3120 pra
123 3038 203 3117 feret
224 3054 315 3115 quam
333 3037 404 3116 fieri
420 3039 533 3116 possit·
554 3037 736 3116 siqnifieatio
755 3055 850 3116 saepe
868 3037 927 3099 erit
944 3033 1045 3097 maior

40 3137 136 3200 qnam
150 3121 266 3197 oratio,
290 3137 386 3200 saepe
405 3121 564 3198 lileritos,
584 3138 679 3199 saepe
699 3123 782 3182 citae
801 3126 1046 3196 naturarumque

39 3203 179 3266 matio.
212 3201 278 3266 Hoc
291 3207 325 3266 in
339 3223 452 3284 ponere
472 3207 565 3283 (nom
586 3207 677 3282 qnasi
697 3207 806 3267 siloam
822 3199 925 3278 eides)
948 3199 1045 3262 ornus

40 3288 166 3349 eluceat
179 3295 294 3366 oportet
307 3289 495 3366 eloquentiae
510 3287 697 3368 nuquitudo.
1034 3301 1039 3305 ·
