2470 3962
114 243 116 250 ·
184 205 246 268 212
501 217 631 268 umen.
645 217 865 278 quruumranr

141 383 212 439 ltet
229 373 307 435 clara
328 382 358 434 et
373 373 486 433 obtusa.
520 372 645 450 Spiritus
660 369 745 432 etiam
766 371 882 448 longior
898 371 1080 453 breviorque.
1115 374 1174 436 lieo

182 474 296 533 causas,
313 475 364 518 our
378 456 506 536 quidque
521 472 621 515 eorum
636 455 757 530 accidat,
774 457 913 535 persequi
929 459 1080 536 proposito
1098 461 1175 538 operi

181 541 378 602 necessarium
392 548 454 601 est:
476 555 614 599 eorumne
631 540 668 598 sit
683 538 862 614 differentia,
885 540 913 598 in
929 541 1033 618 quibus
1049 560 1114 603 aura
1129 543 1176 604 illa
1221 567 1222 608 i

182 627 359 702 concipitur,
376 641 411 684 an
429 640 539 698 eorum,
558 640 612 701 per
627 639 702 701 quae
717 621 798 682 velut
811 640 920 700 organa
934 633 1027 694 meat;
1044 627 1097 704 ipsi
1114 644 1176 705 pro·

164 711 243 788 «pria
259 717 375 783 natura,
399 725 435 768 an
451 716 537 785 prout
553 715 698 773 movetur:
717 705 817 767 lateris
834 709 1002 786 pectorisve
1018 708 1130 770 firmitas
1144 729 1178 772 an

181 793 283 871 capitis
302 793 387 852 etiam
402 791 468 870 plus
490 789 615 851 adiuret.
647 788 720 849 Nam
736 807 810 868 opus
826 799 872 851 est
894 791 1024 852 omnibus
1040 793 1112 854 sicut
1125 811 1178 854 non

114 913 118 922 ·
180 877 239 936 oris
255 874 341 935 modo
361 876 503 934 suavitate
519 873 571 934 sed
588 875 698 942 narium
713 889 848 952 quoque,
865 891 920 953 per
936 892 1023 952 quas,
1042 877 1118 954 quod
1133 896 1177 938 su-

153 993 157 996 *
179 969 280 1039 perest
295 959 393 1032 vocis,
409 959 549 1035 egeritur.
563 979 570 1010 t
582 957 683 1018 Dulcis
699 974 767 1016 esse
781 967 876 1018 tamen
897 957 985 1018 debet
1000 975 1058 1018 nou
1077 978 1177 1038 expro-

139 1043 264 1108 latrans
288 1059 386 1101 sonus.
427 1040 563 1102 Uteudi
577 1057 670 1102 voce
691 1040 843 1120 multiplex
858 1042 943 1102 ratio.
978 1041 1051 1102 Nam
1066 1053 1178 1121 praeter

179 1127 256 1186 illam
271 1126 470 1200 differentiam,
487 1142 562 1203 quae
580 1133 625 1184 est
640 1125 793 1202 tripertita,
809 1134 930 1200 acutae,
945 1127 1055 1202 gravis,
1071 1126 1176 1197 flexam

177 1220 235 1270 tum
252 1211 465 1287 intentis,=tum
483 1209 632 1284 remissis,
657 1217 714 1267 tum
725 1207 826 1285 elatis,
850 1217 908 1268 tum
924 1209 1107 1270 inferioribus
1121 1228 1177 1271 mo·

137 1295 221 1358 redis
237 1311 311 1371 opus
325 1302 389 1370 est,
412 1294 512 1370 spatiis
529 1308 646 1371 quoque
661 1290 831 1352 lentioribus
843 1301 892 1352 aut
908 1291 1096 1352 citationibus.
1122 1294 1178 1354 Sed

176 1377 220 1436 bis
236 1379 307 1454 ipsis
323 1376 417 1436 media
432 1376 602 1435 interiacent
617 1374 719 1443 multa:
743 1384 772 1435 et
792 1384 823 1434 ut
838 1376 946 1451 iacies,
968 1393 1128 1455 quanquam
1144 1397 1178 1438 ex

176 1461 361 1538 paucissimis
384 1468 512 1533 constat,
542 1459 679 1519 inlinitum
699 1457 788 1519 babet
808 1459 1017 1520 differentiam:
1046 1461 1086 1520 ita
1111 1478 1178 1536 vox,

177 1545 233 1602 etsi
253 1560 379 1621 palicas,
402 1559 477 1619 quae
495 1543 634 1603 nominari
656 1543 786 1621 possint,
814 1543 941 1603 continet
956 1543 1090 1622 species,
1114 1561 1179 1623 pro·

175 1627 237 1704 pria
255 1627 358 1704 coique
374 1634 435 1701 est,
462 1634 491 1686 et
505 1642 563 1684 non
579 1625 653 1686 haec
675 1627 765 1685 minus
788 1625 904 1686 auribus
923 1643 1007 1704 quam
1022 1627 1115 1687 oculis
1132 1628 1180 1688 illa

175 1709 362 1787 dignoscitur.
860 1751 863 1760 s

134 1795 168 1850 19
260 1794 412 1870 Augentur
437 1802 531 1853 autem
556 1795 631 1853 sicut
653 1794 775 1852 omnium
799 1795 837 1854 ita
858 1795 942 1853 vocis
966 1811 1084 1872 quoque
1105 1794 1178 1854 bona

176 1896 277 1950 cura,
301 1877 478 1954 negligentia
494 1879 662 1936 minuuntur.
696 1877 756 1937 Sed
772 1894 841 1937 cura
856 1893 916 1936 non·
938 1878 1040 1938 eadem
1060 1879 1179 1938 oratori·

175 1960 228 2019 bus
242 1979 317 2038 quae
333 1961 488 2036 phonascis
501 1961 650 2026 convenit;
670 1969 764 2020 tamen
779 1960 865 2020 multa
877 1969 943 2021 sunt
959 1963 1091 2039 utrisque
1106 1979 1180 2022 com·

174 2045 283 2115 munia,
311 2044 427 2104 firmitas
451 2045 601 2122 corporis,
625 2061 661 2102 ne
685 2043 719 2103 ad
743 2044 902 2122 spadonum
930 2053 960 2105 et
980 2045 1132 2106 mulierum
1155 2053 1182 2105 et

174 2144 328 2204 aegrorum
359 2129 517 2187 exilitatem
536 2144 594 2187 vox
616 2137 715 2186 nostra
734 2135 884 2195 tannetum
915 2127 992 2207 quod
1016 2129 1181 2203 ambulatio,

173 2213 290 2281 unctio,
313 2213 428 2271 veneris
452 2211 651 2287 abstinentia,
664 2211 759 2272 iacilis
780 2211 909 2271 ciborum
925 2212 1070 2289 digestio,
1095 2212 1184 2273 idest

13 2343 16 2345 .
130 2294 342 2371 itirugalitas‚
369 2305 507 2374 praestat.
547 2295 705 2356 Praeterea
730 2304 760 2354 ut
781 2297 839 2355 sint
861 2292 962 2356 fauces
984 2297 1136 2374 integrae,
1158 2295 1184 2356 id

173 2387 219 2437 est
237 2377 343 2436 molles
360 2396 395 2439 ac
412 2379 512 2455 leves,
535 2396 655 2457 quarum
670 2379 740 2438 vitio
758 2387 789 2456 et
804 2379 946 2456 frangitur
961 2388 990 2439 et
1011 2380 1186 2440 obscuratur

173 2469 202 2521 et
225 2470 416 2539 exasperatur
440 2470 469 2520 et
486 2462 624 2522 scinditur
644 2478 713 2522 vox.
745 2461 817 2522 Nam
840 2471 872 2522 ut
888 2462 976 2523 tibiae
999 2464 1107 2524 eodem
1129 2465 1186 2542 spi·

172 2545 228 2605 ritu
258 2555 381 2624 accepto
405 2545 490 2605 alium
512 2544 619 2605 clausis
643 2545 728 2606 alium
754 2548 864 2624 apertis
887 2547 1078 2607 foraminibus
1101 2547 1186 2608 aliurn

171 2646 228 2688 non
246 2630 315 2688 satis
332 2639 474 2707 purgatae
495 2629 581 2690 alium
599 2647 724 2707 quassae
740 2646 842 2689 sonum
856 2630 997 2691 reddunt:
1019 2634 1060 2691 ita
1084 2631 1186 2692 fauces

55 2740 59 2748 »
172 2720 315 2772 tumentes
338 2713 517 2788 strangulant
538 2730 661 2789 vocem,
690 2713 811 2773 obtusae
836 2713 1008 2789 obscurant,
1033 2732 1123 2775 rasae
1139 2731 1185 2774 ex·

130 2803 325 2870 ttasperaut,
359 2796 517 2856 convulsae
540 2796 643 2856 fractis
667 2806 733 2856 sunt
757 2798 875 2874 organis
897 2797 1016 2858 similes.
1054 2795 1188 2858 Finditur

173 2881 257 2938 etiam
277 2880 395 2957 spiritus
412 2878 528 2940 obiectu
544 2880 641 2958 aliquo
657 2881 732 2939 sicut
747 2879 849 2959 lapillo
865 2889 966 2941 tennes
982 2899 1097 2960 aquae,
1118 2897 1188 2960 qna-

146 2969 234 3021 *rum
254 2961 347 3022 durus
363 2964 475 3021 etiamsi
496 2963 570 3024 ultra
585 2962 700 3042 paulum
716 2965 790 3039 coit,
812 2963 919 3042 aliquid
941 2973 1037 3024 tamen
1053 2966 1122 3026 cavi
1144 2981 1188 3024 re·

175 3047 277 3124 linquit
290 3055 356 3123 post
371 3045 517 3124 idipsum,
534 3046 611 3125 quod
628 3046 798 3108 olienderat.
823 3047 931 3107 Humor
944 3065 1065 3128 quoque
1082 3064 1188 3108 vocem

78 3145 86 3152 ’
173 3139 220 3190 aut
243 3130 344 3189 nimius
367 3130 484 3207 impedit
506 3140 554 3190 aut
577 3140 763 3209 consumptus
785 3131 923 3192 destituit.
958 3130 1030 3193 Nam
1050 3132 1188 3210 fatigatio

172 3222 203 3272 ut
219 3230 344 3287 corpora
362 3229 420 3276 non
438 3212 474 3273 ad
490 3231 630 3292 praesens
646 3214 732 3274 modo
749 3223 861 3293 tempus
877 3215 931 3275 sed
953 3217 1039 3275 etiam
1058 3218 1090 3276 in
1114 3216 1189 3275 iutu-

129 3307 230 3361 aarum
257 3297 355 3356 allicit.
387 3297 446 3356 Sed
468 3306 498 3356 ut
520 3299 707 3357 communiter
729 3307 759 3358 et
783 3298 937 3377 phonascis
960 3308 991 3360 et
1015 3298 1190 3359 oratoribus

172 3381 339 3441 necessaria
361 3381 547 3455 exercitatio,
578 3398 633 3457 qua
659 3383 754 3458 omnia
777 3382 1000 3443 convalescunt:
1033 3385 1074 3442 ita
1098 3396 1192 3442 curae

172 3477 229 3520 non
249 3463 324 3522 idem
347 3480 439 3540 genus
461 3472 516 3523 est.
557 3462 630 3523 Nam
644 3483 739 3543 neque
755 3475 836 3526 certa
851 3475 982 3544 tempora
1003 3465 1039 3526 ad
1054 3465 1192 3544 spatian-
