2494 3952
379 261 802 329 mrsu.onaron.nrs.x,1.
1028 255 1096 342 ,155

93 417 143 496 qui
153 416 210 477 sint
222 413 267 476 iris
277 384 423 488 simillimi,
441 412 583 482 iudicare3
599 432 636 474 ne
649 415 799 516 quisquam
810 427 956 495 queratur,
972 421 1097 482 omissos

0 576 1 579 Ἴ
93 501 182 576 iorte,
199 515 273 578 quos
288 498 353 576 ipse
367 496 452 556 valde
467 497 583 574 probet
618 497 725 558 Fateor
746 500 820 585 enim
835 501 936 580 plnres
953 503 1096 580 legendos

93 601 162 642 esse
179 600 263 660 quam
279 581 326 658 qni
345 598 360 640 ι
377 597 423 640 me
437 581 665 641 nominabuntur

177 666 238 726 Sed
253 681 329 724 nunc
343 681 454 740 genera
469 664 532 741 ipsa
553 664 726 740 lectionum,
749 682 823 764 quae
845 667 1003 756 praecipue
1027 687 1095 730 cou-

92 749 194 809 venire
211 746 433 821 intendentibus,
450 754 481 806 ut
493 757 625 807 oratores
641 747 718 824 liant,
733 749 904 825 existimem,
922 767 1120 840 persequor.

176 831 281 909 igitur,
306 839 337 891 ut
357 831 463 889 Aratus
487 831 527 892 ab
543 829 617 892 doce
635 831 843 910 incipiendam
862 839 958 911 putat,
979 836 1019 894 ita
1043 846 1138 902 nosti

92 893 148 976 rite
161 915 293 993 coepturi
305 913 340 973 ab
358 912 513 973 Homero
529 913 669 973 videmur
695 913 749 974 llic
761 915 845 990 enim,
858 915 1096 993 quemadmodum

91 1019 134 1062 ea
157 997 280 1061 Oceano
300 997 399 1057 dicit
390 1013 454 1074 rpsc
477 999 611 1058 αιιιιιιιιιιι
628 997 816 1076 scotiamque
843 1014 956 1060 carate
979 1001 1097 1062 initiam

91 1099 224 1160 capere,
246 1078 376 1140 omuibus
401 1079 587 1158 eloquentiae
616 1080 745 1158 partibus
768 1081 933 1160 exemplum
953 1091 983 1142 et
1003 1093 1096 1143 ortum

91 1166 180 1226 dedit.
218 1163 300 1224 Hunc
320 1179 404 1222 nemo
428 1163 456 1221 in
478 1165 588 1239 magnis
615 1162 702 1223 rebus
728 1163 920 1240 sublimitate,
941 1165 970 1226 in
997 1167 1095 1244 parvis

91 1249 273 1327 proprietate
288 1247 481 1325 superaverit.
513 1245 592 1307 idern
607 1247 700 1308 laetus
716 1265 750 1308 ac
765 1265 895 1326 pressus,
911 1248 1050 1310 iucundus
1066 1257 1097 1310 et

91 1332 202 1409 gratie
219 1339 279 1390 tunr
294 1331 379 1408 copia
394 1339 452 1389 tarn
468 1328 612 1408 breuitate
625 1329 779 1406 mirabilis,
803 1349 859 1391 nec
875 1332 992 1409 poetica
1008 1333 1094 1393 modo

91 1415 146 1474 sed
168 1414 296 1474 oratoria
322 1415 427 1472 virtute
456 1415 704 1474 eminentissimus.
742 1411 872 1474 Namut
894 1414 930 1474 de
952 1414 1093 1491 laudibus,
1102 1423 1136 1481 di

92 1495 359 1571 exhortationihus,
388 1497 634 1557 consolationibus
656 1506 783 1558 taceam:
814 1514 909 1557 nonne
931 1498 980 1558 vel
1002 1515 1094 1558 nonus

92 1581 179 1658 liber,
195 1597 253 1659 quo
269 1581 356 1640 missa
371 1579 407 1640 ad
422 1578 567 1640 Achillem
583 1581 691 1658 legatio
708 1582 879 1658 continetur,
894 1580 944 1640 vel
959 1581 1093 1659 inprime

92 1667 168 1724 inter
189 1664 278 1724 duces
300 1662 351 1723 illa
374 1665 520 1723 contentio
543 1663 592 1723 nel
617 1665 712 1725 dictae
732 1665 762 1724 in
782 1663 911 1724 secundo
933 1667 1094 1725 sententiae

93 1765 193 1808 omnes
211 1747 301 1807 litium
316 1764 351 1808 ac
369 1745 554 1806 consiliorum
577 1747 725 1825 explicant
745 1743 845 1807 artes?
880 1747 1011 1807 Affectus
1033 1750 1137 1826 qui-48

91 1832 158 1892 dem
172 1831 221 1891 vel
239 1830 306 1891 illos
322 1831 406 1890 mites
420 1830 469 1890 vel
485 1828 539 1888 hos
562 1830 739 1906 concitatos,
763 1845 848 1890 nemo
870 1831 926 1888 erit
941 1838 999 1890 tarn
1007 1832 1093 1893 indo·

93 1925 168 2004 ctas,
184 1916 232 1993 qui
247 1929 305 1974 non
319 1915 347 1972 in
366 1929 418 1972 sua
436 1920 583 1992 potestate
600 1912 675 1973 lrunc
691 1920 838 1973 auctorem
853 1910 989 1973 habuisse
1003 1912 1093 1974 latea-

90 2007 147 2058 tur.
177 1999 244 2074 Age
258 2013 342 2073 vero,
357 2013 415 2056 non
426 1997 575 2073 utriusque
593 1997 692 2074 operis
706 1984 861 2073 ingressus'
870 1997 900 2054 in
913 1997 1093 2074 paucissimis

90 2081 225 2141 versibus
249 2081 347 2157 legem
367 2080 582 2158 prooemiorum
602 2096 659 2139 non
681 2079 747 2140 dico
767 2080 894 2140 seruauit
911 2079 966 2139 sed
987 2081 1093 2140 consti·

5 2206 9 2213 ,
90 2161 165 2224 tuit?
196 2163 268 2224 Nam
285 2163 458 2224 benevolum
477 2163 636 2224 auditorem
656 2163 840 2223 invocatione
861 2163 996 2238 dearum,
1022 2181 1093 2241 quas

90 2246 262 2327 praesidere
276 2246 390 2307 vatibus
405 2247 546 2308 creditum
562 2255 623 2323 cst,
640 2254 670 2305 et
684 2247 821 2306 intentum
834 2246 985 2324 proposita
999 2263 1095 2305 rerum
1190 2263 1198 2272 ··

27 2391 33 2398 ,
92 2330 287 2408 magnitudine
303 2339 333 2390 et
349 2328 475 2391 docilem
497 2345 605 2390 summa
629 2329 766 2391 celeriter
789 2327 999 2407 comprehensa
1013 2328 1092 2387 iacit.

90 2413 218 2474 Narrare
231 2432 304 2474 vero
321 2415 384 2492 quis
403 2413 519 2472 brevius
536 2430 620 2491 quam
637 2413 685 2492 qui
701 2421 822 2473 mortem
837 2413 946 2472 nuntiat
957 2411 1093 2487 Patrocli,
1101 2415 1136 2472 te

92 2499 156 2576 quis
180 2496 387 2574 significantius
408 2504 507 2576 potest
528 2514 612 2574 quarn
641 2497 689 2574 qui
706 2494 845 2564 ‚auretam
865 2493 1095 2572 Aetolorumque

90 2579 234 2660 proelium
250 2577 391 2658 exponit‘l
421 2579 479 2640 lam
493 2579 711 2655 similitudines,
727 2579 977 2657 amplificationes,
997 2594 1093 2638 exem·

89 2664 150 2743 pla,
170 2663 331 2740 digressas,
348 2665 431 2742 signa
446 2681 541 2723 rernm
557 2672 586 2722 et
597 2670 765 2739 argumenta
782 2669 938 2739 ceteraque
954 2660 1098 2740 probandi

90 2765 126 2808 ac
147 2745 292 2808 refutandi
308 2755 374 2806 sunt
389 2747 428 2808 ita
447 2745 551 2822 multa,
571 2755 603 2805 ut
622 2745 707 2806 etiarn
725 2745 774 2826 qai
791 2744 828 2806 de
844 2743 951 2804 artibus
968 2745 1095 2821 scripse·

90 2839 156 2891 rant
171 2830 286 2908 plurimi
306 2830 405 2890 harum
427 2847 523 2891 rerum
545 2829 737 2889 testimonium
754 2827 790 2888 ab
807 2826 866 2888 lroa
882 2835 970 2906 poeta
984 2834 1094 2906 petant.

89 2913 164 2974 Nam
181 2913 316 2992 epilogus
332 2914 448 2992 quidem
463 2913 527 2993 quis
541 2929 665 2991 unquam
679 2911 787 2992 poterit
803 2910 861 2972 illis
875 2911 978 2972 Priami
992 2913 1138 2988 rogan-50

90 2999 128 3056 tis
144 2995 291 3058 Achillem
305 2996 443 3076 precibus
460 2993 601 3075 aequari?
638 2994 736 3070 Quid?
751 2995 779 3054 in
794 2994 910 3070 verbis,
933 2993 1095 3068 sententiis,

90 3079 211 3158 liguris,
233 3079 425 3158 dispositione
441 3081 529 3140 totius
553 3081 652 3158 operis
675 3095 770 3140 nonne
785 3077 899 3138 humani
912 3077 1020 3155 ingenii
1034 3091 1095 3136 rno-

90 3163 158 3224 dum
179 3161 317 3225 excedit?
341 3171 371 3224 ιιι
396 3163 492 3240 tna'gni
517 3165 554 3223 sit
578 3165 698 3224 virtutes
724 3163 786 3226 eins
812 3177 870 3222 nou
892 3160 1095 3234 aemulatione,

89 3245 187 3328 quod
186 3245 249 3307 fieri
263 3264 321 3308 non
337 3255 446 3325 potest,
462 3246 515 3307 sed
530 3246 681 3307 intellecta
696 3247 788 3325 sequi.
818 3243 926 3306 Veram
936 3243 984 3304 iric
994 3251 1137 3314 omnestl

89 3331 156 3390 sine
169 3329 256 3390 dubio
272 3333 325 3392 et
316 3349 345 3392 ιιι
360 3331 436 3392 ornni
453 3347 563 3408 genere
578 3328 763 3408 eloquentiae
774 3327 877 3406 procul
893 3344 954 3387 ase
968 3311 1095 3403 reliquit,

89 3415 196 3491 epicos
214 3421 310 3476 tamen
327 3415 503 3493 praecipue,
521 3412 661 3474 videlicet
678 3413 744 3492 quia
760 3411 973 3472 clarissimam
968 3408 1096 3469 materia

89 3495 179 3558 simili
194 3498 371 3578 comparatio
388 3506 442 3558 est.
476 3495 555 3558 liaro
571 3496 697 3574 assurgit
717 3493 918 3570 Hesiodus,
935 3498 1139 3571 magnaquesa
