2436 3956
240 197 243 203 “
277 199 281 206 ’
314 211 747 281 mar.o1tanon.nra.1rn,u.
967 203 1025 266 109

31 377 92 445 est,
114 377 143 428 ut
167 368 267 428 neseio
291 368 357 445 quid
380 367 468 446 illud,
488 368 564 447 quod
583 369 741 429 adversarii
763 367 886 447 obliquis
909 378 1024 430 senten·

30 454 74 512 tiis
92 451 254 528 significare
270 450 430 527 voluerint,
453 451 479 510 si
494 451 597 512 liduoia
618 454 671 528 sit,
690 450 826 511 obiiciant
841 451 950 530 palam:
976 463 1024 514 aut

32 544 107 596 uerte
125 551 181 594 non
201 535 333 611 exigant,
350 542 395 611 ut,
412 536 490 613 quod
504 537 560 613 ipsi
577 552 634 595 non
650 534 755 594 audent
770 535 885 611 dicere,
909 535 937 594 id
952 537 1023 596 iudi·

32 635 77 678 εεε
89 635 145 677 nnn
159 616 245 678 modo
258 616 419 694 intelligant
433 617 486 678 sed
501 620 586 678 etiarn
604 618 732 678 credant.
769 616 854 677 Utilis
871 620 956 678 etiam
972 621 1066 681 ali-95

29 701 137 780 quando
153 700 340 761 dissimulatio
353 710 415 776 est,
430 702 499 762 utin
516 719 569 778 eo,
586 703 669 780 (nota
685 703 759 761 enirn
774 700 872 762 labala
887 704 947 782 est)
965 705 1023 781 qui,

29 802 88 843 enm
104 793 183 844 esset
200 793 300 847 eontra
315 801 379 843 eum
394 784 514 861 dietum,
530 784 608 846 lura
620 789 680 864 pel
690 787 815 864 patroni
829 787 873 846 tui
887 786 1023 846 uiueres:

30 875 152 944 paratum
163 885 197 926 se
209 885 277 928 esse
289 867 452 946 respondit,
472 876 502 928 ει
517 868 603 929 index
616 868 786 929 onndinione
802 887 871 928 usus
887 877 947 943 est,
965 868 1023 929 ola·

27 959 116 1010 munte
134 950 252 1011 multum
267 951 425 1028 advocato,
449 952 597 1012 schemata
613 953 648 1012 de
664 971 760 1012 rerum
776 961 876 1012 natura
893 951 972 1020 tolli;
993 961 1023 1012 ut

28 1037 150 1111 protinus
172 1037 258 1094 etiarn
278 1029 465 1113 praeceptum
481 1037 534 1113 sit,
559 1037 698 1097 eiusmodi
713 1036 812 1114 liguris
830 1035 963 1095 utendum
979 1046 1021 1095 te·

27 1133 101 1176 mere
119 1135 177 1176 non
195 1135 271 1177 esse.

105 1199 233 1260 Tertium
246 1209 292 1260 est
305 1219 414 1278 genus,
437 1201 465 1261 in
482 1219 538 1280 quo
554 1201 618 1262 sola
639 1203 777 1263 melius
800 1201 952 1261 dioendi
971 1211 1063 1279 pst-96

28 1284 89 1342 titur
108 1285 242 1353 oooasio;
271 1285 397 1364 ideoque
417 1284 445 1344 id
468 1282 572 1346 Gioern
593 1302 650 1346 non
666 1294 747 1366 putat
768 1302 835 1344 esse
852 1287 975 1363 positum
993 1287 1022 1344 in

29 1369 215 1428 contentione.
263 1367 333 1429 'lale
358 1377 403 1428 est
428 1368 514 1444 illud,
541 1386 598 1447 quo
625 1370 700 1431 idem
724 1369 855 1429 utituriu
874 1367 1020 1429 Clodium:

28 1446 137 1521 Quibus
149 1453 223 1528 iate,
242 1453 296 1530 put
310 1453 412 1512 amula
424 1453 581 1531 anomfiea‘u
594 1462 712 1530 nosset,
730 1453 826 1532 focile
844 1453 884 1513 ob
899 1471 932 1513 aa
948 1454 1022 1514 deus

25 1533 140 1610 ptucuu
149 1553 244 1614 potae
261 1535 485 1598 arbitrabatur.
526 1535 620 1597 Ironia
643 1554 759 1616 qnoque
782 1536 811 1596 in
832 1535 889 1596 hon
910 1544 1062 1613 generati

27 1619 152 1679 materiae
167 1619 403 1698 frequentissima
418 1628 472 1679 est.
497 1618 555 1680 Sed
571 1620 791 1680 eruditissimum
807 1620 911 1698 longe,
927 1622 1021 1698 siper

29 1698 192 1762 abennem
219 1702 275 1762 alia
298 1701 454 1762 indicetur:
483 1710 514 1763 ut
539 1703 678 1763 adversus
699 1712 864 1779 tyrannum,
890 1704 939 1783 qui
966 1703 1019 1763 sub

28 1791 104 1860 puoto
124 1786 290 1848 abolitionis
305 1786 525 1847 dominationem
545 1786 738 1865 deposuerat,
755 1788 814 1864 agit
835 1787 1039 1864 competitor,

27 1863 94 1928 Mitt
111 1872 141 1931 u'u
159 1879 189 1932 ιε
207 1870 311 1931 dicere
331 1889 391 1932 uon
411 1869 497 1947 beel,
518 1878 550 1931 tu
565 1872 598 1932 bu
619 1889 667 1931 ane
682 1871 733 1932 dio
752 1877 781 1930 et
797 1875 902 1948 polea,·
923 1887 1021 1947 nuper

26 1956 52 2010 ie
63 1953 140 2014 uolui
152 1953 304 2015 neddere.
333 1951 483 2032 Frequens
494 1952 565 2013 illud
577 1961 621 2014 est
635 1969 691 2013 nee
705 1970 883 2030 magnopere
899 1962 1058 2031 captur-98

25 2032 98 2111 dum,
112 2035 190 2114 quod
203 2039 310 2116 petitur
325 2037 548 2097 aiuneinrando:
567 2047 597 2097 nt
610 2055 663 2116 pnn
678 2034 871 2110 exheredato,
885 2035 935 2097 ltu
947 2038 1020 2097 rabbi

25 2121 170 2199 oonbuqot
180 2121 296 2182 berede
308 2121 370 2198 filio
385 2124 472 2182 mori.
495 2119 567 2180 Nam
583 2129 612 2180 et
627 2123 655 2180 in
670 2129 760 2180 totum
773 2121 883 2195 iurare,
901 2120 955 2178 nisi
971 2119 1019 2179 ubi

25 2217 139 2263 neeesse
164 2212 227 2280 est,
247 2206 329 2282 gravi
354 2205 417 2264 viro
443 2221 542 2282 parum
569 2206 720 2281 convenit,
748 2212 776 2262 et
799 2212 844 2263 est
865 2220 881 2262 a
903 2203 1015 2262 Seneca

24 2283 121 2346 dietum
132 2287 301 2364 eleganter,
317 2303 375 2348 non
387 2296 572 2365 patronorum
582 2286 640 2347 hoe
653 2305 720 2347 esse
736 2287 788 2355 sed
798 2285 922 2346 testium.
953 2284 1016 2345 Neo

23 2380 142 2431 meretur
163 2370 266 2446 tidem,
289 2372 336 2449 qui
356 2369 547 2431 sententiolae
567 2372 659 2448 gratia
683 2372 771 2446 iurat,
797 2370 851 2429 nisi
872 2371 896 2428 si
917 2377 1016 2448 potest

23 2457 74 2511 tam
97 2453 171 2514 bene
196 2472 280 2533 quana
305 2453 534 2530 Demosthenes,
559 2462 697 2533 utsupra
719 2454 786 2513 dixi.
828 2453 1057 2526 Levissimumpp

24 2543 110 2596 autem
121 2538 211 2616 longe
227 2555 320 2616 genus
339 2555 376 2598 ex
390 2537 499 2614 verbo,
517 2539 629 2597 etiamsi
647 2547 693 2598 est
708 2537 785 2616 apud
798 2534 968 2597 Ciceronem
987 2539 1015 2596 in

24 2613 162 2681 Clodiam:
188 2619 374 2682 Praesertim
394 2638 484 2699 quum
501 2639 603 2682 omues
619 2623 749 2682 ominum
766 2620 896 2682 omnium
914 2621 1015 2698 potius

23 2716 107 2777 quous
125 2707 305 2782 maiusquum
319 2705 473 2767 buimbouru
486 2710 679 2783 putaverunt.

101 2789 415 2866 Comparationem
439 2788 573 2867 equidem
591 2787 681 2847 ¹video
708 2787 828 2865 liguram
852 2803 910 2846 non
936 2796 1078 2864 esse,100

24 2883 81 2928 oum
103 2872 140 2931 sit
163 2872 277 2931 interim
298 2870 476 2949 probationis
497 2871 609 2932 interim
628 2873 712 2932 etiam
730 2887 836 2931 causae
851 2888 959 2950 genus,
989 2879 1019 2930 et

22 2950 55 3010 sit
76 2954 140 3014 talis
165 2956 228 3015 eins
250 2954 357 3031 lnrrna,
381 2955 473 3034 qualis
495 2964 540 3016 est
560 2971 615 3034 pro
632 2953 766 3016 Murena:
787 2953 902 3034 Vips'lnn
924 2963 957 3016 tu
976 2955 1015 3016 de

22 3043 118 3114 noete,
134 3048 169 3100 ut
186 3040 247 3100 tuis
261 3040 483 3102 oouutltoru‘bus
497 3040 702 3118 respondeus,
718 3039 784 3115 tlte,
800 3047 851 3116 ut,
870 3055 929 3117 quo
944 3057 1015 3100 cou-

21 3121 127 3197 tauta,
149 3131 270 3184 mature
287 3142 356 3184 rum
371 3124 508 3186 sueram
522 3123 697 3203 perueniutr
717 3131 746 3184 te
765 3123 915 3202 pallorum
933 3123 1018 3184 illum

22 3197 218 3267 buccinarum
233 3213 342 3267 cautus
353 3209 521 3268 sumserat
536 3215 565 3266 et
580 3217 688 3268 uetera.
708 3205 817 3267 Nescio
833 3224 870 3267 an
881 3205 1075 3269 orationis101

15 3287 112 3364 ,potius
124 3307 211 3370 quarn
226 3289 385 3350 sententiae
400 3291 445 3350 ait.
471 3288 503 3350 ld
519 3291 592 3349 enim
606 3290 700 3350 solum
710 3297 847 3365 mutatur,
865 3288 942 3368 quod
957 3305 1015 3348 non

19 3370 151 3438 uniuersa
167 3373 309 3432 universis
327 3373 379 3434 sed
395 3373 506 3451 singula
522 3373 643 3450 singulis
658 3382 852 3452 opponuntur.
895 3370 933 3431 Et
948 3369 1015 3432 cet-

37 3467 67 3510 us
82 3463 178 3515 tamen
195 3465 223 3515 et
238 3473 295 3516 non
310 3457 463 3536 negligens
478 3465 580 3518 auctor
590 3455 730 3516 Visellius
746 3458 773 3515 in
788 3455 843 3516 hae
858 3473 921 3516 eam
936 3463 1020 3535 parte
