<?xml version="1.0" encoding="UTF-8"?>
<!DOCTYPE html PUBLIC "-//W3C//DTD XHTML 1.0 Transitional//EN"
    "http://www.w3.org/TR/xhtml1/DTD/xhtml1-transitional.dtd">
<html xmlns="http://www.w3.org/1999/xhtml" xml:lang="en" lang="en">
 <head>
  <title>
</title>
<meta http-equiv="Content-Type" content="text/html;charset=utf-8" />
  <meta name='ocr-system' content='tesseract 3.04.00' />
  <meta name='ocr-capabilities' content='ocr_page ocr_carea ocr_par ocr_line ocrx_word'/>
</head>
<body>
  <div class='ocr_page' id='page_1' title='image "./mfabiiquintilia04quingoog_0485.png"; bbox 0 0 2494 3952; ppageno 0'>
   <div class='ocr_carea' id='block_1_1' title="bbox 191 217 867 286">
    <p class='ocr_par' dir='ltr' id='par_1_1' title="bbox 191 217 867 286">
     <span class='ocr_line' id='line_1_1' title="bbox 191 217 867 286; baseline -0.01 -8"><span class='ocrx_word' id='word_1_1' title='bbox 191 217 253 280; x_wconf 79' lang='lat'><strong>200</strong></span> <span class='ocrx_word' id='word_1_2' title='bbox 508 223 867 286; x_wconf 76' lang='lat' dir='ltr'><strong>n.ruo.oo1ur1u1un1</strong></span> 
     </span>
    </p>
   </div>
   <div class='ocr_carea' id='block_1_2' title="bbox 128 377 1231 3550">
    <p class='ocr_par' dir='ltr' id='par_1_2' title="bbox 188 377 1205 709">
     <span class='ocr_line' id='line_1_2' title="bbox 189 377 1204 456; baseline -0.009 -12"><span class='ocrx_word' id='word_1_3' title='bbox 189 384 226 444; x_wconf 89' lang='lat' dir='ltr'><strong>ad</strong></span> <span class='ocrx_word' id='word_1_4' title='bbox 247 381 356 443; x_wconf 90' lang='lat' dir='ltr'><strong>bellum</strong></span> <span class='ocrx_word' id='word_1_5' title='bbox 373 379 426 440; x_wconf 87' lang='lat' dir='ltr'><strong>sed</strong></span> <span class='ocrx_word' id='word_1_6' title='bbox 443 379 480 442; x_wconf 90' lang='lat' dir='ltr'><strong>ad</strong></span> <span class='ocrx_word' id='word_1_7' title='bbox 499 381 669 440; x_wconf 81' lang='lat' dir='ltr'><strong>frumentum</strong></span> <span class='ocrx_word' id='word_1_8' title='bbox 685 377 889 453; x_wconf 87' lang='lat' dir='ltr'><strong>coemendum,</strong></span> <span class='ocrx_word' id='word_1_9' title='bbox 907 380 960 455; x_wconf 89' lang='lat' dir='ltr'><strong>ait,</strong></span> <span class='ocrx_word' id='word_1_10' title='bbox 978 385 1010 437; x_wconf 89' lang='lat' dir='ltr'><strong>ut</strong></span> <span class='ocrx_word' id='word_1_11' title='bbox 1025 377 1156 456; x_wconf 88' lang='lat' dir='ltr'><strong>primum</strong></span> <span class='ocrx_word' id='word_1_12' title='bbox 1172 377 1204 438; x_wconf 93' lang='lat' dir='ltr'><strong>li·</strong></span> 
     </span>
     <span class='ocr_line' id='line_1_3' title="bbox 190 462 1205 544; baseline -0.006 -18"><span class='ocrx_word' id='word_1_13' title='bbox 190 468 292 541; x_wconf 85' lang='lat' dir='ltr'><strong>cuerit,</strong></span> <span class='ocrx_word' id='word_1_14' title='bbox 309 483 325 526; x_wconf 88' lang='lat' dir='ltr'><strong>a</strong></span> <span class='ocrx_word' id='word_1_15' title='bbox 341 463 468 544; x_wconf 87' lang='lat' dir='ltr'><strong>partibus</strong></span> <span class='ocrx_word' id='word_1_16' title='bbox 483 466 660 531; x_wconf 78' lang='lat' dir='ltr'><strong>recessisse;</strong></span> <span class='ocrx_word' id='word_1_17' title='bbox 677 462 819 540; x_wconf 77' lang='lat' dir='ltr'><strong>Ligarium</strong></span> <span class='ocrx_word' id='word_1_18' title='bbox 832 472 861 521; x_wconf 86' lang='lat' dir='ltr'><strong>et</strong></span> <span class='ocrx_word' id='word_1_19' title='bbox 875 477 1088 540; x_wconf 82' lang='lat' dir='ltr'><strong>perseverasse</strong></span> <span class='ocrx_word' id='word_1_20' title='bbox 1102 471 1134 520; x_wconf 92' lang='lat' dir='ltr'><strong>et</strong></span> <span class='ocrx_word' id='word_1_21' title='bbox 1146 477 1205 520; x_wconf 89' lang='lat' dir='ltr'><strong>uon</strong></span> 
     </span>
     <span class='ocr_line' id='line_1_4' title="bbox 188 545 1204 630; baseline -0.005 -22"><span class='ocrx_word' id='word_1_22' title='bbox 188 567 243 630; x_wconf 93' lang='lat' dir='ltr'><strong>pro</strong></span> <span class='ocrx_word' id='word_1_23' title='bbox 264 546 316 608; x_wconf 84' lang='lat' dir='ltr'><strong>Gn.</strong></span> <span class='ocrx_word' id='word_1_24' title='bbox 340 547 494 626; x_wconf 91' lang='lat' dir='ltr'><strong>Pompeio,</strong></span> <span class='ocrx_word' id='word_1_25' title='bbox 518 549 594 607; x_wconf 89' lang='lat' dir='ltr'><strong>inter</strong></span> <span class='ocrx_word' id='word_1_26' title='bbox 614 564 698 626; x_wconf 95' lang='lat' dir='ltr'><strong>quem</strong></span> <span class='ocrx_word' id='word_1_27' title='bbox 720 555 749 606; x_wconf 84' lang='lat' dir='ltr'><strong>et</strong></span> <span class='ocrx_word' id='word_1_28' title='bbox 765 545 922 607; x_wconf 79' lang='lat' dir='ltr'><strong>Gaesarem</strong></span> <span class='ocrx_word' id='word_1_29' title='bbox 941 545 1088 623; x_wconf 82' lang='lat' dir='ltr'><strong>dignitatis</strong></span> <span class='ocrx_word' id='word_1_30' title='bbox 1115 545 1204 604; x_wconf 87' lang='lat' dir='ltr'><strong>inerit</strong></span> 
     </span>
     <span class='ocr_line' id='line_1_5' title="bbox 177 627 1203 730; baseline -0.007 -35.917"><span class='ocrx_word' id='word_1_31' title='bbox 177 635 353 707; x_wconf 90' lang='lat' dir='ltr'><strong>contentio,</strong></span> <span class='ocrx_word' id='word_1_32' title='bbox 370 649 434 692; x_wconf 92' lang='lat' dir='ltr'><strong>cum</strong></span> <span class='ocrx_word' id='word_1_33' title='bbox 449 631 559 692; x_wconf 86' lang='lat' dir='ltr'><strong>salvam</strong></span> <span class='ocrx_word' id='word_1_34' title='bbox 574 637 696 730; x_wconf 77' lang='lat' dir='ltr'><strong>uterque</strong></span> <span class='ocrx_word' id='word_1_35' title='bbox 711 647 773 690; x_wconf 91' lang='lat' dir='ltr'><strong>rem</strong></span> <span class='ocrx_word' id='word_1_36' title='bbox 788 627 932 709; x_wconf 81' lang='lat' dir='ltr'><strong>publicam</strong></span> <span class='ocrx_word' id='word_1_37' title='bbox 947 629 1055 703; x_wconf 86' lang='lat' dir='ltr'><strong>vellet,</strong></span> <span class='ocrx_word' id='word_1_38' title='bbox 1073 629 1132 688; x_wconf 90' lang='lat' dir='ltr'><strong>sed</strong></span> <span class='ocrx_word' id='word_1_39' title='bbox 1151 646 1203 706; x_wconf 93' lang='lat' dir='ltr'><strong>pro</strong></span> 
     </span>
    </p>

    <p class='ocr_par' dir='ltr' id='par_1_3' title="bbox 144 709 1228 1126">
     <span class='ocr_line' id='line_1_6' title="bbox 144 709 1200 795; baseline -0.011 -12"><span class='ocrx_word' id='word_1_40' title='bbox 144 728 178 784; x_wconf 84' lang='lat'><strong>81</strong></span> <span class='ocrx_word' id='word_1_41' title='bbox 188 717 257 779; x_wconf 94' lang='lat' dir='ltr'><strong>luha</strong></span> <span class='ocrx_word' id='word_1_42' title='bbox 273 725 361 795; x_wconf 90' lang='lat' dir='ltr'><strong>atque</strong></span> <span class='ocrx_word' id='word_1_43' title='bbox 376 713 486 776; x_wconf 83' lang='lat' dir='ltr'><strong>Airis</strong></span> <span class='ocrx_word' id='word_1_44' title='bbox 478 715 678 774; x_wconf 78' lang='lat' dir='ltr'><strong>inimicissimis</strong></span> <span class='ocrx_word' id='word_1_45' title='bbox 699 714 809 792; x_wconf 96' lang='lat' dir='ltr'><strong>populo</strong></span> <span class='ocrx_word' id='word_1_46' title='bbox 828 711 958 772; x_wconf 85' lang='lat' dir='ltr'><strong>Romano</strong></span> <span class='ocrx_word' id='word_1_47' title='bbox 974 715 1108 771; x_wconf 77' lang='lat' dir='ltr'><strong>stetisse</strong></span> <span class='ocrx_word' id='word_1_48' title='bbox 1148 709 1200 771; x_wconf 84' lang='lat' dir='ltr'><strong>Ge·</strong></span> 
     </span>
     <span class='ocr_line' id='line_1_7' title="bbox 189 795 1201 874; baseline -0.008 -12"><span class='ocrx_word' id='word_1_49' title='bbox 189 812 283 862; x_wconf 90' lang='lat' dir='ltr'><strong>terum</strong></span> <span class='ocrx_word' id='word_1_50' title='bbox 299 799 349 860; x_wconf 89' lang='lat' dir='ltr'><strong>vel</strong></span> <span class='ocrx_word' id='word_1_51' title='bbox 366 797 531 860; x_wconf 82' lang='lat' dir='ltr'><strong>facillimum</strong></span> <span class='ocrx_word' id='word_1_52' title='bbox 547 806 609 874; x_wconf 87' lang='lat' dir='ltr'><strong>est,</strong></span> <span class='ocrx_word' id='word_1_53' title='bbox 631 797 670 857; x_wconf 92' lang='lat' dir='ltr'><strong>ihi</strong></span> <span class='ocrx_word' id='word_1_54' title='bbox 693 797 815 857; x_wconf 90' lang='lat' dir='ltr'><strong>alienam</strong></span> <span class='ocrx_word' id='word_1_55' title='bbox 838 795 981 874; x_wconf 87' lang='lat' dir='ltr'><strong>culpam</strong></span> <span class='ocrx_word' id='word_1_56' title='bbox 971 813 1130 871; x_wconf 80' lang='lat' dir='ltr'><strong>incusare,</strong></span> <span class='ocrx_word' id='word_1_57' title='bbox 1155 795 1201 855; x_wconf 92' lang='lat' dir='ltr'><strong>uhi</strong></span> 
     </span>
     <span class='ocr_line' id='line_1_8' title="bbox 190 879 1228 953; baseline -0.008 -7"><span class='ocrx_word' id='word_1_58' title='bbox 190 885 290 946; x_wconf 87' lang='lat' dir='ltr'><strong>lateris</strong></span> <span class='ocrx_word' id='word_1_59' title='bbox 308 893 394 942; x_wconf 91' lang='lat' dir='ltr'><strong>tuam</strong></span> <span class='ocrx_word' id='word_1_60' title='bbox 424 881 532 942; x_wconf 89' lang='lat' dir='ltr'><strong>Verum</strong></span> <span class='ocrx_word' id='word_1_61' title='bbox 552 881 612 941; x_wconf 93' lang='lat' dir='ltr'><strong>id</strong></span> <span class='ocrx_word' id='word_1_62' title='bbox 603 899 659 940; x_wconf 90' lang='lat' dir='ltr'><strong>ram</strong></span> <span class='ocrx_word' id='word_1_63' title='bbox 673 881 774 940; x_wconf 90' lang='lat' dir='ltr'><strong>iudicis</strong></span> <span class='ocrx_word' id='word_1_64' title='bbox 797 889 915 939; x_wconf 91' lang='lat' dir='ltr'><strong>estnon</strong></span> <span class='ocrx_word' id='word_1_65' title='bbox 931 881 1051 939; x_wconf 88' lang='lat' dir='ltr'><strong>actoris</strong></span> <span class='ocrx_word' id='word_1_66' title='bbox 1085 879 1200 953; x_wconf 84' lang='lat' dir='ltr'><strong>Quodsi</strong></span> <span class='ocrx_word' id='word_1_67' title='bbox 1227 883 1228 890; x_wconf 76' lang='grc'>’</span> 
     </span>
     <span class='ocr_line' id='line_1_9' title="bbox 188 953 1197 1044; baseline -0.005 -17"><span class='ocrx_word' id='word_1_68' title='bbox 188 969 268 1028; x_wconf 91' lang='lat' dir='ltr'><strong>nulla</strong></span> <span class='ocrx_word' id='word_1_69' title='bbox 292 968 433 1044; x_wconf 83' lang='lat' dir='ltr'><strong>contingit</strong></span> <span class='ocrx_word' id='word_1_70' title='bbox 460 953 628 1025; x_wconf 76' lang='lat' dir='ltr'><strong>excusatio:</strong></span> <span class='ocrx_word' id='word_1_71' title='bbox 655 964 720 1024; x_wconf 92' lang='lat' dir='ltr'><strong>sola</strong></span> <span class='ocrx_word' id='word_1_72' title='bbox 744 964 873 1024; x_wconf 90' lang='lat' dir='ltr'><strong>colorem</strong></span> <span class='ocrx_word' id='word_1_73' title='bbox 896 962 984 1023; x_wconf 87' lang='lat' dir='ltr'><strong>hahet</strong></span> <span class='ocrx_word' id='word_1_74' title='bbox 1005 963 1197 1043; x_wconf 85' lang='lat' dir='ltr'><strong>poenitentia.</strong></span> 
     </span>
     <span class='ocr_line' id='line_1_10' title="bbox 188 1047 1198 1126; baseline -0.008 -13"><span class='ocrx_word' id='word_1_75' title='bbox 188 1053 289 1113; x_wconf 88' lang='lat' dir='ltr'><strong>Potest</strong></span> <span class='ocrx_word' id='word_1_76' title='bbox 304 1052 378 1110; x_wconf 90' lang='lat' dir='ltr'><strong>enim</strong></span> <span class='ocrx_word' id='word_1_77' title='bbox 399 1049 491 1110; x_wconf 90' lang='lat' dir='ltr'><strong>videri</strong></span> <span class='ocrx_word' id='word_1_78' title='bbox 508 1052 578 1110; x_wconf 91' lang='lat' dir='ltr'><strong>satis</strong></span> <span class='ocrx_word' id='word_1_79' title='bbox 596 1047 779 1124; x_wconf 90' lang='lat' dir='ltr'><strong>emendatus,</strong></span> <span class='ocrx_word' id='word_1_80' title='bbox 802 1049 851 1126; x_wconf 90' lang='lat' dir='ltr'><strong>qui</strong></span> <span class='ocrx_word' id='word_1_81' title='bbox 868 1047 896 1106; x_wconf 91' lang='lat' dir='ltr'><strong>iu</strong></span> <span class='ocrx_word' id='word_1_82' title='bbox 911 1047 1007 1107; x_wconf 93' lang='lat' dir='ltr'><strong>odium</strong></span> <span class='ocrx_word' id='word_1_83' title='bbox 1023 1064 1148 1124; x_wconf 93' lang='lat' dir='ltr'><strong>eorum,</strong></span> <span class='ocrx_word' id='word_1_84' title='bbox 1174 1048 1198 1105; x_wconf 89' lang='lat' dir='ltr'><strong>in</strong></span> 
     </span>
    </p>

    <p class='ocr_par' dir='ltr' id='par_1_4' title="bbox 144 1132 1229 1880">
     <span class='ocr_line' id='line_1_11' title="bbox 144 1132 1196 1215; baseline -0.009 -16"><span class='ocrx_word' id='word_1_85' title='bbox 144 1134 290 1215; x_wconf 76' lang='lat' dir='ltr'><strong>Stquihus</strong></span> <span class='ocrx_word' id='word_1_86' title='bbox 306 1142 464 1210; x_wconf 90' lang='lat' dir='ltr'><strong>erraverat,</strong></span> <span class='ocrx_word' id='word_1_87' title='bbox 480 1133 544 1212; x_wconf 86' lang='lat' dir='ltr'><strong>ipse</strong></span> <span class='ocrx_word' id='word_1_88' title='bbox 560 1148 718 1192; x_wconf 82' lang='lat' dir='ltr'><strong>conversus</strong></span> <span class='ocrx_word' id='word_1_89' title='bbox 734 1140 787 1191; x_wconf 89' lang='lat' dir='ltr'><strong>est.</strong></span> <span class='ocrx_word' id='word_1_90' title='bbox 810 1133 882 1191; x_wconf 85' lang='lat' dir='ltr'><strong>Sunt</strong></span> <span class='ocrx_word' id='word_1_91' title='bbox 897 1132 970 1191; x_wconf 90' lang='lat' dir='ltr'><strong>enirn</strong></span> <span class='ocrx_word' id='word_1_92' title='bbox 986 1149 1097 1192; x_wconf 88' lang='lat' dir='ltr'><strong>causae</strong></span> <span class='ocrx_word' id='word_1_93' title='bbox 1111 1149 1196 1210; x_wconf 90' lang='lat' dir='ltr'><strong>quae·</strong></span> 
     </span>
     <span class='ocr_line' id='line_1_12' title="bbox 189 1215 1229 1296; baseline -0.007 -17"><span class='ocrx_word' id='word_1_94' title='bbox 189 1219 270 1294; x_wconf 88' lang='lat' dir='ltr'><strong>dam,</strong></span> <span class='ocrx_word' id='word_1_95' title='bbox 287 1235 361 1296; x_wconf 90' lang='lat' dir='ltr'><strong>quae</strong></span> <span class='ocrx_word' id='word_1_96' title='bbox 376 1216 434 1276; x_wconf 92' lang='lat' dir='ltr'><strong>hoc</strong></span> <span class='ocrx_word' id='word_1_97' title='bbox 449 1226 549 1277; x_wconf 88' lang='lat' dir='ltr'><strong>natura</strong></span> <span class='ocrx_word' id='word_1_98' title='bbox 565 1218 628 1294; x_wconf 91' lang='lat' dir='ltr'><strong>ipsa</strong></span> <span class='ocrx_word' id='word_1_99' title='bbox 644 1217 687 1276; x_wconf 89' lang='lat' dir='ltr'><strong>rei</strong></span> <span class='ocrx_word' id='word_1_100' title='bbox 706 1233 764 1275; x_wconf 94' lang='lat' dir='ltr'><strong>non</strong></span> <span class='ocrx_word' id='word_1_101' title='bbox 778 1215 916 1276; x_wconf 88' lang='lat' dir='ltr'><strong>indecens</strong></span> <span class='ocrx_word' id='word_1_102' title='bbox 932 1215 1056 1275; x_wconf 85' lang='lat' dir='ltr'><strong>iaciant:</strong></span> <span class='ocrx_word' id='word_1_103' title='bbox 1083 1224 1117 1275; x_wconf 89' lang='lat' dir='ltr'><strong>ut</strong></span> <span class='ocrx_word' id='word_1_104' title='bbox 1136 1233 1195 1274; x_wconf 89' lang='lat' dir='ltr'><strong>cum</strong></span> <span class='ocrx_word' id='word_1_105' title='bbox 1228 1245 1229 1248; x_wconf 18' lang='grc' dir='ltr'>ι</span> 
     </span>
     <span class='ocr_line' id='line_1_13' title="bbox 188 1299 1193 1382; baseline -0.006 -20"><span class='ocrx_word' id='word_1_106' title='bbox 188 1311 272 1382; x_wconf 88' lang='lat' dir='ltr'><strong>pater</strong></span> <span class='ocrx_word' id='word_1_107' title='bbox 288 1320 326 1360; x_wconf 85' lang='lat' dir='ltr'><strong>ex</strong></span> <span class='ocrx_word' id='word_1_108' title='bbox 340 1302 494 1360; x_wconf 85' lang='lat' dir='ltr'><strong>meretrice</strong></span> <span class='ocrx_word' id='word_1_109' title='bbox 510 1309 615 1375; x_wconf 91' lang='lat' dir='ltr'><strong>natum,</strong></span> <span class='ocrx_word' id='word_1_110' title='bbox 635 1299 712 1377; x_wconf 91' lang='lat' dir='ltr'><strong>quod</strong></span> <span class='ocrx_word' id='word_1_111' title='bbox 728 1299 842 1360; x_wconf 90' lang='lat' dir='ltr'><strong>duxerit</strong></span> <span class='ocrx_word' id='word_1_112' title='bbox 857 1299 1040 1360; x_wconf 87' lang='lat' dir='ltr'><strong>meretricem</strong></span> <span class='ocrx_word' id='word_1_113' title='bbox 1056 1300 1086 1357; x_wconf 92' lang='lat' dir='ltr'><strong>in</strong></span> <span class='ocrx_word' id='word_1_114' title='bbox 1101 1299 1193 1359; x_wconf 90' lang='lat' dir='ltr'><strong>matri·</strong></span> 
     </span>
     <span class='ocr_line' id='line_1_14' title="bbox 189 1383 1193 1461; baseline -0.005 -17"><span class='ocrx_word' id='word_1_115' title='bbox 189 1386 328 1460; x_wconf 91' lang='lat' dir='ltr'><strong>monium,</strong></span> <span class='ocrx_word' id='word_1_116' title='bbox 354 1383 478 1444; x_wconf 91' lang='lat' dir='ltr'><strong>abdicat.</strong></span> <span class='ocrx_word' id='word_1_117' title='bbox 519 1383 701 1443; x_wconf 84' lang='lat' dir='ltr'><strong>Scholastica</strong></span> <span class='ocrx_word' id='word_1_118' title='bbox 723 1383 840 1442; x_wconf 92' lang='lat' dir='ltr'><strong>materia</strong></span> <span class='ocrx_word' id='word_1_119' title='bbox 866 1383 1014 1458; x_wconf 91' lang='lat' dir='ltr'><strong>sednon,</strong></span> <span class='ocrx_word' id='word_1_120' title='bbox 1040 1401 1119 1461; x_wconf 91' lang='lat' dir='ltr'><strong>quae</strong></span> <span class='ocrx_word' id='word_1_121' title='bbox 1141 1399 1193 1441; x_wconf 92' lang='lat' dir='ltr'><strong>non</strong></span> 
     </span>
     <span class='ocr_line' id='line_1_15' title="bbox 189 1465 1193 1548; baseline -0.003 -21"><span class='ocrx_word' id='word_1_122' title='bbox 189 1470 283 1548; x_wconf 91' lang='lat' dir='ltr'><strong>possit</strong></span> <span class='ocrx_word' id='word_1_123' title='bbox 305 1468 451 1527; x_wconf 88' lang='lat' dir='ltr'><strong>accidere.</strong></span> <span class='ocrx_word' id='word_1_124' title='bbox 482 1465 535 1526; x_wconf 88' lang='lat' dir='ltr'><strong>llic</strong></span> <span class='ocrx_word' id='word_1_125' title='bbox 556 1469 643 1544; x_wconf 82' lang='lat' dir='ltr'><strong>igitur</strong></span> <span class='ocrx_word' id='word_1_126' title='bbox 664 1467 751 1527; x_wconf 84' lang='lat' dir='ltr'><strong>multu</strong></span> <span class='ocrx_word' id='word_1_127' title='bbox 767 1483 824 1526; x_wconf 90' lang='lat' dir='ltr'><strong>non</strong></span> <span class='ocrx_word' id='word_1_128' title='bbox 844 1465 1013 1526; x_wconf 84' lang='lat' dir='ltr'><strong>deformiter</strong></span> <span class='ocrx_word' id='word_1_129' title='bbox 1030 1466 1127 1526; x_wconf 90' lang='lat' dir='ltr'><strong>dicet:</strong></span> <span class='ocrx_word' id='word_1_130' title='bbox 1149 1465 1193 1525; x_wconf 87' lang='lat' dir='ltr'><strong>vel</strong></span> 
     </span>
     <span class='ocr_line' id='line_1_16' title="bbox 190 1549 1195 1630; baseline -0.003 -19"><span class='ocrx_word' id='word_1_131' title='bbox 190 1552 266 1630; x_wconf 93' lang='lat' dir='ltr'><strong>quod</strong></span> <span class='ocrx_word' id='word_1_132' title='bbox 288 1552 411 1610; x_wconf 90' lang='lat' dir='ltr'><strong>omnium</strong></span> <span class='ocrx_word' id='word_1_133' title='bbox 432 1551 469 1609; x_wconf 90' lang='lat' dir='ltr'><strong>sit</strong></span> <span class='ocrx_word' id='word_1_134' title='bbox 483 1559 579 1609; x_wconf 90' lang='lat' dir='ltr'><strong>votum</strong></span> <span class='ocrx_word' id='word_1_135' title='bbox 596 1559 762 1628; x_wconf 90' lang='lat' dir='ltr'><strong>parentum,</strong></span> <span class='ocrx_word' id='word_1_136' title='bbox 784 1559 815 1609; x_wconf 94' lang='lat' dir='ltr'><strong>ut</strong></span> <span class='ocrx_word' id='word_1_137' title='bbox 830 1549 1015 1610; x_wconf 88' lang='lat' dir='ltr'><strong>honestiores</strong></span> <span class='ocrx_word' id='word_1_138' title='bbox 1037 1567 1126 1628; x_wconf 90' lang='lat' dir='ltr'><strong>quam</strong></span> <span class='ocrx_word' id='word_1_139' title='bbox 1142 1551 1195 1609; x_wconf 91' lang='lat' dir='ltr'><strong>sint</strong></span> 
     </span>
     <span class='ocr_line' id='line_1_17' title="bbox 188 1633 1196 1714; baseline -0.004 -19"><span class='ocrx_word' id='word_1_140' title='bbox 188 1635 244 1714; x_wconf 89' lang='lat' dir='ltr'><strong>ipsi</strong></span> <span class='ocrx_word' id='word_1_141' title='bbox 256 1633 365 1693; x_wconf 90' lang='lat' dir='ltr'><strong>liberos</strong></span> <span class='ocrx_word' id='word_1_142' title='bbox 375 1633 510 1709; x_wconf 71' lang='lat' dir='ltr'><strong>habeant,</strong></span> <span class='ocrx_word' id='word_1_143' title='bbox 528 1633 660 1712; x_wconf 90' lang='lat' dir='ltr'><strong>(namet,</strong></span> <span class='ocrx_word' id='word_1_144' title='bbox 677 1636 701 1694; x_wconf 91' lang='lat' dir='ltr'><strong>si</strong></span> <span class='ocrx_word' id='word_1_145' title='bbox 712 1633 856 1708; x_wconf 88' lang='lat' dir='ltr'><strong>lilianatu,</strong></span> <span class='ocrx_word' id='word_1_146' title='bbox 875 1635 1012 1694; x_wconf 83' lang='lat' dir='ltr'><strong>meretrix</strong></span> <span class='ocrx_word' id='word_1_147' title='bbox 1024 1649 1089 1692; x_wconf 82' lang='lat' dir='ltr'><strong>earu</strong></span> <span class='ocrx_word' id='word_1_148' title='bbox 1104 1643 1196 1694; x_wconf 88' lang='lat' dir='ltr'><strong>mater</strong></span> 
     </span>
     <span class='ocr_line' id='line_1_18' title="bbox 187 1715 1194 1798; baseline 0 -22"><span class='ocrx_word' id='word_1_149' title='bbox 187 1718 321 1798; x_wconf 91' lang='lat' dir='ltr'><strong>pudicam</strong></span> <span class='ocrx_word' id='word_1_150' title='bbox 337 1735 404 1777; x_wconf 91' lang='lat' dir='ltr'><strong>esse</strong></span> <span class='ocrx_word' id='word_1_151' title='bbox 419 1717 577 1797; x_wconf 86' lang='lat' dir='ltr'><strong>voluisset)</strong></span> <span class='ocrx_word' id='word_1_152' title='bbox 594 1719 641 1778; x_wconf 83' lang='lat' dir='ltr'><strong>uel</strong></span> <span class='ocrx_word' id='word_1_153' title='bbox 658 1717 736 1796; x_wconf 92' lang='lat' dir='ltr'><strong>quod</strong></span> <span class='ocrx_word' id='word_1_154' title='bbox 750 1716 882 1777; x_wconf 90' lang='lat' dir='ltr'><strong>humilior</strong></span> <span class='ocrx_word' id='word_1_155' title='bbox 896 1719 960 1796; x_wconf 87' lang='lat' dir='ltr'><strong>ipse</strong></span> <span class='ocrx_word' id='word_1_156' title='bbox 981 1715 1086 1793; x_wconf 71' lang='lat' dir='ltr'><strong>tuerit,</strong></span> <span class='ocrx_word' id='word_1_157' title='bbox 1111 1718 1194 1795; x_wconf 91' lang='lat' dir='ltr'><strong>(licet</strong></span> 
     </span>
     <span class='ocr_line' id='line_1_19' title="bbox 189 1799 1191 1880; baseline 0.004 -18"><span class='ocrx_word' id='word_1_158' title='bbox 189 1803 263 1862; x_wconf 93' lang='lat' dir='ltr'><strong>enim</strong></span> <span class='ocrx_word' id='word_1_159' title='bbox 278 1801 335 1862; x_wconf 92' lang='lat' dir='ltr'><strong>hoc</strong></span> <span class='ocrx_word' id='word_1_160' title='bbox 350 1801 466 1879; x_wconf 77' lang='lat' dir='ltr'><strong>dicere)</strong></span> <span class='ocrx_word' id='word_1_161' title='bbox 481 1799 530 1860; x_wconf 83' lang='lat' dir='ltr'><strong>uel</strong></span> <span class='ocrx_word' id='word_1_162' title='bbox 546 1801 622 1880; x_wconf 94' lang='lat' dir='ltr'><strong>quod</strong></span> <span class='ocrx_word' id='word_1_163' title='bbox 638 1819 695 1860; x_wconf 91' lang='lat' dir='ltr'><strong>non</strong></span> <span class='ocrx_word' id='word_1_164' title='bbox 712 1799 843 1861; x_wconf 88' lang='lat' dir='ltr'><strong>habuerit</strong></span> <span class='ocrx_word' id='word_1_165' title='bbox 857 1810 969 1880; x_wconf 91' lang='lat' dir='ltr'><strong>patrem</strong></span> <span class='ocrx_word' id='word_1_166' title='bbox 984 1817 1020 1880; x_wconf 81' lang='lat' dir='ltr'><strong>qu</strong></span> <span class='ocrx_word' id='word_1_167' title='bbox 1045 1811 1191 1866; x_wconf 65' lang='lat' dir='ltr'><strong>monerem</strong></span> 
     </span>
    </p>

    <p class='ocr_par' dir='ltr' id='par_1_5' title="bbox 144 1883 1192 2529">
     <span class='ocr_line' id='line_1_20' title="bbox 144 1883 1192 1965; baseline -0.003 -20"><span class='ocrx_word' id='word_1_168' title='bbox 144 1887 254 1965; x_wconf 66' lang='lat' dir='ltr'><strong>acquin</strong></span> <span class='ocrx_word' id='word_1_169' title='bbox 271 1903 307 1945; x_wconf 93' lang='lat' dir='ltr'><strong>eo</strong></span> <span class='ocrx_word' id='word_1_170' title='bbox 322 1887 414 1946; x_wconf 88' lang='lat' dir='ltr'><strong>minus</strong></span> <span class='ocrx_word' id='word_1_171' title='bbox 429 1885 456 1945; x_wconf 89' lang='lat' dir='ltr'><strong>ld</strong></span> <span class='ocrx_word' id='word_1_172' title='bbox 474 1885 635 1948; x_wconf 73' lang='lat' dir='ltr'><strong>laciendum</strong></span> <span class='ocrx_word' id='word_1_173' title='bbox 651 1885 710 1944; x_wconf 86' lang='lat' dir='ltr'><strong>hlio</strong></span> <span class='ocrx_word' id='word_1_174' title='bbox 732 1883 839 1961; x_wconf 81' lang='lat' dir='ltr'><strong>fuisse,</strong></span> <span class='ocrx_word' id='word_1_175' title='bbox 862 1903 899 1944; x_wconf 83' lang='lat' dir='ltr'><strong>nae</strong></span> <span class='ocrx_word' id='word_1_176' title='bbox 917 1893 1073 1945; x_wconf 77' lang='lat' dir='ltr'><strong>renouaret</strong></span> <span class='ocrx_word' id='word_1_177' title='bbox 1091 1885 1192 1945; x_wconf 91' lang='lat' dir='ltr'><strong>domus</strong></span> 
     </span>
     <span class='ocr_line' id='line_1_21' title="bbox 188 1967 1191 2048; baseline -0.001 -20"><span class='ocrx_word' id='word_1_178' title='bbox 188 1970 330 2048; x_wconf 90' lang='lat' dir='ltr'><strong>pudorem</strong></span> <span class='ocrx_word' id='word_1_179' title='bbox 353 1979 382 2029; x_wconf 93' lang='lat' dir='ltr'><strong>et</strong></span> <span class='ocrx_word' id='word_1_180' title='bbox 408 1967 599 2046; x_wconf 86' lang='lat' dir='ltr'><strong>exprobraret</strong></span> <span class='ocrx_word' id='word_1_181' title='bbox 622 1971 695 2046; x_wconf 90' lang='lat' dir='ltr'><strong>patri</strong></span> <span class='ocrx_word' id='word_1_182' title='bbox 720 1969 850 2047; x_wconf 84' lang='lat' dir='ltr'><strong>nuptias,</strong></span> <span class='ocrx_word' id='word_1_183' title='bbox 879 1969 961 2028; x_wconf 91' lang='lat' dir='ltr'><strong>matri</strong></span> <span class='ocrx_word' id='word_1_184' title='bbox 984 1970 1090 2047; x_wconf 90' lang='lat' dir='ltr'><strong>prioris</strong></span> <span class='ocrx_word' id='word_1_185' title='bbox 1117 1971 1191 2028; x_wconf 86' lang='lat' dir='ltr'><strong>vitae</strong></span> 
     </span>
     <span class='ocr_line' id='line_1_22' title="bbox 187 2051 1190 2130; baseline -0.002 -18"><span class='ocrx_word' id='word_1_186' title='bbox 187 2053 406 2120; x_wconf 67' lang='lat' dir='ltr'><strong>necessitatem</strong></span> <span class='ocrx_word' id='word_1_187' title='bbox 432 2069 470 2110; x_wconf 89' lang='lat' dir='ltr'><strong>ue</strong></span> <span class='ocrx_word' id='word_1_188' title='bbox 491 2052 615 2130; x_wconf 90' lang='lat' dir='ltr'><strong>denique</strong></span> <span class='ocrx_word' id='word_1_189' title='bbox 635 2053 731 2129; x_wconf 84' lang='lat' dir='ltr'><strong>legem</strong></span> <span class='ocrx_word' id='word_1_190' title='bbox 753 2053 893 2130; x_wconf 91' lang='lat' dir='ltr'><strong>quandam</strong></span> <span class='ocrx_word' id='word_1_191' title='bbox 914 2051 973 2112; x_wconf 89' lang='lat' dir='ltr'><strong>suis</strong></span> <span class='ocrx_word' id='word_1_192' title='bbox 992 2069 1111 2130; x_wconf 90' lang='lat' dir='ltr'><strong>quoque</strong></span> <span class='ocrx_word' id='word_1_193' title='bbox 1127 2051 1190 2112; x_wconf 90' lang='lat' dir='ltr'><strong>suh-</strong></span> 
     </span>
     <span class='ocr_line' id='line_1_23' title="bbox 187 2133 1191 2215; baseline -0.001 -20"><span class='ocrx_word' id='word_1_194' title='bbox 187 2135 254 2196; x_wconf 90' lang='lat' dir='ltr'><strong>inde</strong></span> <span class='ocrx_word' id='word_1_195' title='bbox 277 2135 376 2195; x_wconf 90' lang='lat' dir='ltr'><strong>liberis</strong></span> <span class='ocrx_word' id='word_1_196' title='bbox 399 2135 490 2196; x_wconf 85' lang='lat' dir='ltr'><strong>daret.</strong></span> <span class='ocrx_word' id='word_1_197' title='bbox 525 2133 679 2196; x_wconf 80' lang='lat' dir='ltr'><strong>Credibilis</strong></span> <span class='ocrx_word' id='word_1_198' title='bbox 701 2137 756 2195; x_wconf 92' lang='lat' dir='ltr'><strong>erit</strong></span> <span class='ocrx_word' id='word_1_199' title='bbox 772 2137 857 2195; x_wconf 92' lang='lat' dir='ltr'><strong>etiarn</strong></span> <span class='ocrx_word' id='word_1_200' title='bbox 871 2137 989 2215; x_wconf 89' lang='lat' dir='ltr'><strong>propria</strong></span> <span class='ocrx_word' id='word_1_201' title='bbox 1008 2135 1149 2214; x_wconf 86' lang='lat' dir='ltr'><strong>quaedam</strong></span> <span class='ocrx_word' id='word_1_202' title='bbox 1164 2135 1191 2194; x_wconf 90' lang='lat' dir='ltr'><strong>in</strong></span> 
     </span>
     <span class='ocr_line' id='line_1_24' title="bbox 187 2219 1189 2300; baseline 0 -22"><span class='ocrx_word' id='word_1_203' title='bbox 187 2219 237 2280; x_wconf 93' lang='lat' dir='ltr'><strong>illa</strong></span> <span class='ocrx_word' id='word_1_204' title='bbox 253 2220 408 2280; x_wconf 86' lang='lat' dir='ltr'><strong>meretrice</strong></span> <span class='ocrx_word' id='word_1_205' title='bbox 426 2219 588 2297; x_wconf 86' lang='lat' dir='ltr'><strong>turpitudo,</strong></span> <span class='ocrx_word' id='word_1_206' title='bbox 608 2237 692 2298; x_wconf 91' lang='lat' dir='ltr'><strong>quarn</strong></span> <span class='ocrx_word' id='word_1_207' title='bbox 707 2237 781 2279; x_wconf 91' lang='lat' dir='ltr'><strong>nunc</strong></span> <span class='ocrx_word' id='word_1_208' title='bbox 798 2219 844 2279; x_wconf 94' lang='lat' dir='ltr'><strong>hic</strong></span> <span class='ocrx_word' id='word_1_209' title='bbox 859 2227 943 2298; x_wconf 89' lang='lat' dir='ltr'><strong>pater</strong></span> <span class='ocrx_word' id='word_1_210' title='bbox 957 2219 1036 2280; x_wconf 83' lang='lat' dir='ltr'><strong>serre</strong></span> <span class='ocrx_word' id='word_1_211' title='bbox 1052 2237 1110 2278; x_wconf 93' lang='lat' dir='ltr'><strong>non</strong></span> <span class='ocrx_word' id='word_1_212' title='bbox 1125 2237 1189 2300; x_wconf 89' lang='lat' dir='ltr'><strong>pos·</strong></span> 
     </span>
     <span class='ocr_line' id='line_1_25' title="bbox 188 2301 1190 2382; baseline 0.001 -20"><span class='ocrx_word' id='word_1_213' title='bbox 188 2305 234 2363; x_wconf 91' lang='lat' dir='ltr'><strong>sit.</strong></span> <span class='ocrx_word' id='word_1_214' title='bbox 278 2303 345 2364; x_wconf 78' lang='lat' dir='ltr'><strong>Alia</strong></span> <span class='ocrx_word' id='word_1_215' title='bbox 374 2312 541 2382; x_wconf 89' lang='lat' dir='ltr'><strong>praetereo.</strong></span> <span class='ocrx_word' id='word_1_216' title='bbox 585 2301 688 2382; x_wconf 87' lang='lat' dir='ltr'><strong>Neque</strong></span> <span class='ocrx_word' id='word_1_217' title='bbox 716 2304 790 2362; x_wconf 92' lang='lat' dir='ltr'><strong>enim</strong></span> <span class='ocrx_word' id='word_1_218' title='bbox 814 2320 889 2363; x_wconf 91' lang='lat' dir='ltr'><strong>nunc</strong></span> <span class='ocrx_word' id='word_1_219' title='bbox 917 2302 1110 2362; x_wconf 80' lang='lat' dir='ltr'><strong>declamemus</strong></span> <span class='ocrx_word' id='word_1_220' title='bbox 1138 2303 1190 2363; x_wconf 86' lang='lat' dir='ltr'><strong>sed</strong></span> 
     </span>
     <span class='ocr_line' id='line_1_26' title="bbox 188 2385 1192 2467; baseline 0.001 -22"><span class='ocrx_word' id='word_1_221' title='bbox 188 2386 381 2462; x_wconf 90' lang='lat' dir='ltr'><strong>ostendimus,</strong></span> <span class='ocrx_word' id='word_1_222' title='bbox 408 2403 608 2464; x_wconf 88' lang='lat' dir='ltr'><strong>nonnunquam</strong></span> <span class='ocrx_word' id='word_1_223' title='bbox 634 2404 723 2467; x_wconf 88' lang='lat' dir='ltr'><strong>posse</strong></span> <span class='ocrx_word' id='word_1_224' title='bbox 748 2385 890 2447; x_wconf 89' lang='lat' dir='ltr'><strong>dicentem</strong></span> <span class='ocrx_word' id='word_1_225' title='bbox 911 2387 983 2465; x_wconf 92' lang='lat' dir='ltr'><strong>ipsis</strong></span> <span class='ocrx_word' id='word_1_226' title='bbox 1004 2385 1192 2447; x_wconf 89' lang='lat' dir='ltr'><strong>incommodis</strong></span> 
     </span>
     <span class='ocr_line' id='line_1_27' title="bbox 186 2469 326 2529; baseline -0.014 0"><span class='ocrx_word' id='word_1_227' title='bbox 186 2469 261 2529; x_wconf 88' lang='lat' dir='ltr'><strong>hene</strong></span> <span class='ocrx_word' id='word_1_228' title='bbox 276 2470 326 2528; x_wconf 91' lang='lat' dir='ltr'><strong>uti.</strong></span> 
     </span>
    </p>

    <p class='ocr_par' dir='ltr' id='par_1_6' title="bbox 143 2551 1231 2800">
     <span class='ocr_line' id='line_1_28' title="bbox 143 2551 1191 2633; baseline -0.004 -18"><span class='ocrx_word' id='word_1_229' title='bbox 143 2561 180 2616; x_wconf 73' lang='lat'><strong>84</strong></span> <span class='ocrx_word' id='word_1_230' title='bbox 268 2552 333 2612; x_wconf 92' lang='lat' dir='ltr'><strong>lllic</strong></span> <span class='ocrx_word' id='word_1_231' title='bbox 354 2553 445 2612; x_wconf 90' lang='lat' dir='ltr'><strong>maior</strong></span> <span class='ocrx_word' id='word_1_232' title='bbox 465 2561 580 2629; x_wconf 89' lang='lat' dir='ltr'><strong>aestus,</strong></span> <span class='ocrx_word' id='word_1_233' title='bbox 602 2553 651 2613; x_wconf 92' lang='lat' dir='ltr'><strong>uhi</strong></span> <span class='ocrx_word' id='word_1_234' title='bbox 673 2555 737 2632; x_wconf 91' lang='lat' dir='ltr'><strong>quis</strong></span> <span class='ocrx_word' id='word_1_235' title='bbox 759 2551 891 2633; x_wconf 88' lang='lat' dir='ltr'><strong>pudenda</strong></span> <span class='ocrx_word' id='word_1_236' title='bbox 914 2555 1057 2632; x_wconf 88' lang='lat' dir='ltr'><strong>queritur,</strong></span> <span class='ocrx_word' id='word_1_237' title='bbox 1081 2561 1111 2611; x_wconf 90' lang='lat' dir='ltr'><strong>ut</strong></span> <span class='ocrx_word' id='word_1_238' title='bbox 1132 2562 1191 2612; x_wconf 92' lang='lat' dir='ltr'><strong>stu·</strong></span> 
     </span>
     <span class='ocr_line' id='line_1_29' title="bbox 188 2633 1231 2717; baseline 0 -21"><span class='ocrx_word' id='word_1_239' title='bbox 188 2655 286 2716; x_wconf 91' lang='lat' dir='ltr'><strong>prum,</strong></span> <span class='ocrx_word' id='word_1_240' title='bbox 307 2639 467 2716; x_wconf 89' lang='lat' dir='ltr'><strong>praecipue</strong></span> <span class='ocrx_word' id='word_1_241' title='bbox 482 2638 511 2696; x_wconf 91' lang='lat' dir='ltr'><strong>in</strong></span> <span class='ocrx_word' id='word_1_242' title='bbox 530 2636 670 2712; x_wconf 89' lang='lat' dir='ltr'><strong>maribus,</strong></span> <span class='ocrx_word' id='word_1_243' title='bbox 694 2645 741 2697; x_wconf 90' lang='lat' dir='ltr'><strong>aut</strong></span> <span class='ocrx_word' id='word_1_244' title='bbox 760 2654 793 2697; x_wconf 93' lang='lat' dir='ltr'><strong>os</strong></span> <span class='ocrx_word' id='word_1_245' title='bbox 809 2638 998 2717; x_wconf 77' lang='lat' dir='ltr'><strong>profanatum.</strong></span> <span class='ocrx_word' id='word_1_246' title='bbox 1029 2633 1094 2696; x_wconf 87' lang='lat' dir='ltr'><strong>Non</strong></span> <span class='ocrx_word' id='word_1_247' title='bbox 1111 2635 1190 2713; x_wconf 90' lang='lat' dir='ltr'><strong>dico,</strong></span> <span class='ocrx_word' id='word_1_248' title='bbox 1230 2669 1231 2676; x_wconf 34' lang='grc' dir='ltr'>ι</span> 
     </span>
     <span class='ocr_line' id='line_1_30' title="bbox 187 2719 1190 2800; baseline 0 -20"><span class='ocrx_word' id='word_1_249' title='bbox 187 2723 212 2780; x_wconf 88' lang='lat' dir='ltr'><strong>si</strong></span> <span class='ocrx_word' id='word_1_250' title='bbox 227 2720 362 2797; x_wconf 91' lang='lat' dir='ltr'><strong>loquatur</strong></span> <span class='ocrx_word' id='word_1_251' title='bbox 377 2722 455 2798; x_wconf 85' lang='lat' dir='ltr'><strong>ipse;</strong></span> <span class='ocrx_word' id='word_1_252' title='bbox 474 2720 618 2800; x_wconf 92' lang='lat' dir='ltr'><strong>namquid</strong></span> <span class='ocrx_word' id='word_1_253' title='bbox 635 2720 712 2781; x_wconf 94' lang='lat' dir='ltr'><strong>aliud</strong></span> <span class='ocrx_word' id='word_1_254' title='bbox 728 2723 755 2782; x_wconf 88' lang='lat' dir='ltr'><strong>ei</strong></span> <span class='ocrx_word' id='word_1_255' title='bbox 771 2739 854 2800; x_wconf 91' lang='lat' dir='ltr'><strong>quam</strong></span> <span class='ocrx_word' id='word_1_256' title='bbox 870 2722 992 2798; x_wconf 83' lang='lat' dir='ltr'><strong>gemitus</strong></span> <span class='ocrx_word' id='word_1_257' title='bbox 1009 2737 1043 2780; x_wconf 91' lang='lat' dir='ltr'><strong>ao</strong></span> <span class='ocrx_word' id='word_1_258' title='bbox 1059 2719 1143 2779; x_wconf 90' lang='lat' dir='ltr'><strong>lletus</strong></span> <span class='ocrx_word' id='word_1_259' title='bbox 1159 2730 1190 2781; x_wconf 92' lang='lat' dir='ltr'><strong>et</strong></span> 
     </span>
    </p>

    <p class='ocr_par' dir='ltr' id='par_1_7' title="bbox 128 2802 1189 3052">
     <span class='ocr_line' id='line_1_31' title="bbox 128 2802 1189 2882; baseline 0.002 -20"><span class='ocrx_word' id='word_1_260' title='bbox 128 2826 133 2835; x_wconf 63' lang='lat'><strong><em>¹</em></strong></span> <span class='ocrx_word' id='word_1_261' title='bbox 187 2805 336 2863; x_wconf 86' lang='lat' dir='ltr'><strong>execratio</strong></span> <span class='ocrx_word' id='word_1_262' title='bbox 351 2806 429 2864; x_wconf 89' lang='lat' dir='ltr'><strong>vitae</strong></span> <span class='ocrx_word' id='word_1_263' title='bbox 446 2805 613 2880; x_wconf 86' lang='lat' dir='ltr'><strong>conveniat,</strong></span> <span class='ocrx_word' id='word_1_264' title='bbox 631 2811 662 2863; x_wconf 91' lang='lat' dir='ltr'><strong>ut</strong></span> <span class='ocrx_word' id='word_1_265' title='bbox 677 2804 764 2864; x_wconf 88' lang='lat' dir='ltr'><strong>iudex</strong></span> <span class='ocrx_word' id='word_1_266' title='bbox 781 2804 922 2882; x_wconf 78' lang='lat' dir='ltr'><strong>intelligat</strong></span> <span class='ocrx_word' id='word_1_267' title='bbox 942 2805 1038 2882; x_wconf 93' lang='lat' dir='ltr'><strong>potius</strong></span> <span class='ocrx_word' id='word_1_268' title='bbox 1058 2802 1189 2864; x_wconf 92' lang='lat' dir='ltr'><strong>dolorem</strong></span> 
     </span>
     <span class='ocr_line' id='line_1_32' title="bbox 186 2885 1189 2968; baseline 0.003 -23"><span class='ocrx_word' id='word_1_269' title='bbox 186 2886 266 2946; x_wconf 90' lang='lat' dir='ltr'><strong>illum</strong></span> <span class='ocrx_word' id='word_1_270' title='bbox 282 2904 365 2965; x_wconf 90' lang='lat' dir='ltr'><strong>quam</strong></span> <span class='ocrx_word' id='word_1_271' title='bbox 383 2885 498 2948; x_wconf 81' lang='lat' dir='ltr'><strong>audiat?</strong></span> <span class='ocrx_word' id='word_1_272' title='bbox 529 2889 587 2948; x_wconf 88' lang='lat' dir='ltr'><strong>Sed</strong></span> <span class='ocrx_word' id='word_1_273' title='bbox 606 2896 728 2965; x_wconf 92' lang='lat' dir='ltr'><strong>patrono</strong></span> <span class='ocrx_word' id='word_1_274' title='bbox 745 2891 861 2968; x_wconf 85' lang='lat' dir='ltr'><strong>quoque</strong></span> <span class='ocrx_word' id='word_1_275' title='bbox 876 2905 930 2966; x_wconf 92' lang='lat' dir='ltr'><strong>per</strong></span> <span class='ocrx_word' id='word_1_276' title='bbox 946 2886 1053 2946; x_wconf 85' lang='lat' dir='ltr'><strong>similes</strong></span> <span class='ocrx_word' id='word_1_277' title='bbox 1067 2887 1189 2948; x_wconf 87' lang='lat' dir='ltr'><strong>allectus</strong></span> 
     </span>
     <span class='ocr_line' id='line_1_33' title="bbox 188 2969 1187 3052; baseline 0.001 -23"><span class='ocrx_word' id='word_1_278' title='bbox 188 2970 309 3030; x_wconf 90' lang='lat' dir='ltr'><strong>eundum</strong></span> <span class='ocrx_word' id='word_1_279' title='bbox 326 2973 396 3048; x_wconf 89' lang='lat' dir='ltr'><strong>erit,</strong></span> <span class='ocrx_word' id='word_1_280' title='bbox 420 2974 486 3052; x_wconf 91' lang='lat' dir='ltr'><strong>quia</strong></span> <span class='ocrx_word' id='word_1_281' title='bbox 501 2972 558 3031; x_wconf 92' lang='lat' dir='ltr'><strong>hoc</strong></span> <span class='ocrx_word' id='word_1_282' title='bbox 571 2972 691 3032; x_wconf 90' lang='lat' dir='ltr'><strong>iniuriae</strong></span> <span class='ocrx_word' id='word_1_283' title='bbox 707 2990 800 3050; x_wconf 77' lang='lat' dir='ltr'><strong>genus</strong></span> <span class='ocrx_word' id='word_1_284' title='bbox 822 2969 1014 3031; x_wconf 88' lang='lat' dir='ltr'><strong>verecundius</strong></span> <span class='ocrx_word' id='word_1_285' title='bbox 1033 2980 1079 3030; x_wconf 90' lang='lat' dir='ltr'><strong>est</strong></span> <span class='ocrx_word' id='word_1_286' title='bbox 1093 2975 1187 3049; x_wconf 85' lang='lat' dir='ltr'><strong>passis</strong></span> 
     </span>
    </p>

    <p class='ocr_par' dir='ltr' id='par_1_8' title="bbox 142 3053 1187 3550">
     <span class='ocr_line' id='line_1_34' title="bbox 142 3053 1187 3134; baseline 0.002 -21"><span class='ocrx_word' id='word_1_287' title='bbox 142 3070 271 3132; x_wconf 74' lang='lat' dir='ltr'><strong>35quam</strong></span> <span class='ocrx_word' id='word_1_288' title='bbox 291 3055 378 3114; x_wconf 92' lang='lat' dir='ltr'><strong>ausis.</strong></span> <span class='ocrx_word' id='word_1_289' title='bbox 409 3053 565 3116; x_wconf 85' lang='lat' dir='ltr'><strong>hlollienda</strong></span> <span class='ocrx_word' id='word_1_290' title='bbox 580 3064 625 3115; x_wconf 86' lang='lat' dir='ltr'><strong>est</strong></span> <span class='ocrx_word' id='word_1_291' title='bbox 642 3057 671 3114; x_wconf 91' lang='lat' dir='ltr'><strong>iu</strong></span> <span class='ocrx_word' id='word_1_292' title='bbox 690 3054 839 3134; x_wconf 90' lang='lat' dir='ltr'><strong>plerisque</strong></span> <span class='ocrx_word' id='word_1_293' title='bbox 856 3054 913 3115; x_wconf 91' lang='lat' dir='ltr'><strong>alio</strong></span> <span class='ocrx_word' id='word_1_294' title='bbox 930 3053 1031 3114; x_wconf 92' lang='lat' dir='ltr'><strong>colore</strong></span> <span class='ocrx_word' id='word_1_295' title='bbox 1047 3057 1187 3133; x_wconf 84' lang='lat' dir='ltr'><strong>asperitas</strong></span> 
     </span>
     <span class='ocr_line' id='line_1_35' title="bbox 188 3135 1186 3217; baseline 0.002 -21"><span class='ocrx_word' id='word_1_296' title='bbox 188 3139 336 3214; x_wconf 88' lang='lat' dir='ltr'><strong>orationis,</strong></span> <span class='ocrx_word' id='word_1_297' title='bbox 351 3147 382 3197; x_wconf 93' lang='lat' dir='ltr'><strong>ut</strong></span> <span class='ocrx_word' id='word_1_298' title='bbox 397 3136 501 3198; x_wconf 84' lang='lat' dir='ltr'><strong>Cicero</strong></span> <span class='ocrx_word' id='word_1_299' title='bbox 515 3139 551 3199; x_wconf 94' lang='lat' dir='ltr'><strong>de</strong></span> <span class='ocrx_word' id='word_1_300' title='bbox 567 3141 795 3217; x_wconf 89' lang='lat' dir='ltr'><strong>proscriptorum</strong></span> <span class='ocrx_word' id='word_1_301' title='bbox 806 3139 905 3199; x_wconf 90' lang='lat' dir='ltr'><strong>liberis</strong></span> <span class='ocrx_word' id='word_1_302' title='bbox 921 3139 1000 3198; x_wconf 89' lang='lat' dir='ltr'><strong>lecit.</strong></span> <span class='ocrx_word' id='word_1_303' title='bbox 1024 3135 1098 3210; x_wconf 82' lang='lat' dir='ltr'><strong>Quid</strong></span> <span class='ocrx_word' id='word_1_304' title='bbox 1114 3141 1186 3198; x_wconf 90' lang='lat' dir='ltr'><strong>enim</strong></span> 
     </span>
     <span class='ocr_line' id='line_1_36' title="bbox 187 3221 1185 3302; baseline 0 -22"><span class='ocrx_word' id='word_1_305' title='bbox 187 3222 333 3282; x_wconf 90' lang='lat' dir='ltr'><strong>crudelius</strong></span> <span class='ocrx_word' id='word_1_306' title='bbox 360 3239 442 3299; x_wconf 92' lang='lat' dir='ltr'><strong>quam</strong></span> <span class='ocrx_word' id='word_1_307' title='bbox 470 3221 599 3282; x_wconf 88' lang='lat' dir='ltr'><strong>homiues</strong></span> <span class='ocrx_word' id='word_1_308' title='bbox 625 3221 755 3282; x_wconf 90' lang='lat' dir='ltr'><strong>honestis</strong></span> <span class='ocrx_word' id='word_1_309' title='bbox 781 3221 948 3302; x_wconf 88' lang='lat' dir='ltr'><strong>parentibus</strong></span> <span class='ocrx_word' id='word_1_310' title='bbox 975 3237 1009 3281; x_wconf 92' lang='lat' dir='ltr'><strong>ac</strong></span> <span class='ocrx_word' id='word_1_311' title='bbox 1033 3221 1185 3281; x_wconf 90' lang='lat' dir='ltr'><strong>maioribus</strong></span> 
     </span>
     <span class='ocr_line' id='line_1_37' title="bbox 186 3303 1183 3384; baseline 0.001 -22"><span class='ocrx_word' id='word_1_312' title='bbox 186 3313 269 3365; x_wconf 92' lang='lat' dir='ltr'><strong>natos</strong></span> <span class='ocrx_word' id='word_1_313' title='bbox 296 3323 312 3366; x_wconf 91' lang='lat' dir='ltr'><strong>a</strong></span> <span class='ocrx_word' id='word_1_314' title='bbox 333 3323 366 3364; x_wconf 91' lang='lat' dir='ltr'><strong>re</strong></span> <span class='ocrx_word' id='word_1_315' title='bbox 388 3305 503 3384; x_wconf 88' lang='lat' dir='ltr'><strong>publica</strong></span> <span class='ocrx_word' id='word_1_316' title='bbox 526 3303 719 3366; x_wconf 83' lang='lat' dir='ltr'><strong>summoveri?</strong></span> <span class='ocrx_word' id='word_1_317' title='bbox 752 3306 852 3384; x_wconf 88' lang='lat' dir='ltr'><strong>ltaque</strong></span> <span class='ocrx_word' id='word_1_318' title='bbox 868 3306 968 3365; x_wconf 90' lang='lat' dir='ltr'><strong>durum</strong></span> <span class='ocrx_word' id='word_1_319' title='bbox 985 3304 1014 3364; x_wconf 92' lang='lat' dir='ltr'><strong>id</strong></span> <span class='ocrx_word' id='word_1_320' title='bbox 1031 3321 1097 3364; x_wconf 89' lang='lat' dir='ltr'><strong>esse</strong></span> <span class='ocrx_word' id='word_1_321' title='bbox 1112 3323 1183 3364; x_wconf 91' lang='lat' dir='ltr'><strong>sum·</strong></span> 
     </span>
     <span class='ocr_line' id='line_1_38' title="bbox 186 3387 1182 3464; baseline 0.003 -18"><span class='ocrx_word' id='word_1_322' title='bbox 186 3405 248 3447; x_wconf 92' lang='lat' dir='ltr'><strong>mus</strong></span> <span class='ocrx_word' id='word_1_323' title='bbox 269 3388 320 3448; x_wconf 89' lang='lat' dir='ltr'><strong>ille</strong></span> <span class='ocrx_word' id='word_1_324' title='bbox 343 3390 556 3450; x_wconf 90' lang='lat' dir='ltr'><strong>tractandorum</strong></span> <span class='ocrx_word' id='word_1_325' title='bbox 575 3392 731 3450; x_wconf 89' lang='lat' dir='ltr'><strong>animorum</strong></span> <span class='ocrx_word' id='word_1_326' title='bbox 752 3389 856 3450; x_wconf 87' lang='lat' dir='ltr'><strong>artilex</strong></span> <span class='ocrx_word' id='word_1_327' title='bbox 881 3389 1050 3464; x_wconf 80' lang='lat' dir='ltr'><strong>confitetur,</strong></span> <span class='ocrx_word' id='word_1_328' title='bbox 1075 3387 1182 3449; x_wconf 86' lang='lat' dir='ltr'><strong>sedita</strong></span> 
     </span>
     <span class='ocr_line' id='line_1_39' title="bbox 186 3469 1181 3550; baseline 0.003 -21"><span class='ocrx_word' id='word_1_329' title='bbox 186 3469 301 3547; x_wconf 73' lang='lat' dir='ltr'><strong>legihus</strong></span> <span class='ocrx_word' id='word_1_330' title='bbox 321 3471 421 3532; x_wconf 89' lang='lat' dir='ltr'><strong>Sullae</strong></span> <span class='ocrx_word' id='word_1_331' title='bbox 439 3471 600 3534; x_wconf 86' lang='lat' dir='ltr'><strong>cohaerere</strong></span> <span class='ocrx_word' id='word_1_332' title='bbox 622 3483 725 3534; x_wconf 83' lang='lat' dir='ltr'><strong>statum</strong></span> <span class='ocrx_word' id='word_1_333' title='bbox 742 3475 864 3534; x_wconf 84' lang='lat' dir='ltr'><strong>ciuitatis</strong></span> <span class='ocrx_word' id='word_1_334' title='bbox 884 3471 1020 3550; x_wconf 81' lang='lat' dir='ltr'><strong>affirmat,</strong></span> <span class='ocrx_word' id='word_1_335' title='bbox 1036 3480 1067 3530; x_wconf 93' lang='lat' dir='ltr'><strong>ut</strong></span> <span class='ocrx_word' id='word_1_336' title='bbox 1081 3471 1123 3534; x_wconf 89' lang='lat' dir='ltr'><strong>his</strong></span> <span class='ocrx_word' id='word_1_337' title='bbox 1136 3489 1181 3532; x_wconf 90' lang='lat' dir='ltr'><strong>so·</strong></span> 
     </span>
    </p>
   </div>
   <div class='ocr_carea' id='block_1_3' title="bbox 0 0 1252 3952">
    <p class='ocr_par' dir='ltr' id='par_1_9' title="bbox 0 0 1252 3952">
     <span class='ocr_line' id='line_1_40' title="bbox 0 0 1252 3952; baseline 0 3"><span class='ocrx_word' id='word_1_338' title='bbox 0 0 1252 3952; x_wconf 95' lang='lat' dir='ltr'><strong> </strong></span> 
     </span>
    </p>
   </div>
  </div>
 </body>
</html>
