<?xml version="1.0" encoding="UTF-8"?>
<!DOCTYPE html PUBLIC "-//W3C//DTD XHTML 1.0 Transitional//EN"
    "http://www.w3.org/TR/xhtml1/DTD/xhtml1-transitional.dtd">
<html xmlns="http://www.w3.org/1999/xhtml" xml:lang="en" lang="en">
 <head>
  <title>
</title>
<meta http-equiv="Content-Type" content="text/html;charset=utf-8" />
  <meta name='ocr-system' content='tesseract 3.04.00' />
  <meta name='ocr-capabilities' content='ocr_page ocr_carea ocr_par ocr_line ocrx_word'/>
</head>
<body>
  <div class='ocr_page' id='page_1' title='image "./mfabiiquintilia04quingoog_0467.png"; bbox 0 0 2494 3952; ppageno 0'>
   <div class='ocr_carea' id='block_1_1' title="bbox 175 172 851 248">
    <p class='ocr_par' dir='ltr' id='par_1_1' title="bbox 175 172 851 248">
     <span class='ocr_line' id='line_1_1' title="bbox 175 172 851 248; baseline -0.006 -12"><span class='ocrx_word' id='word_1_1' title='bbox 175 172 233 236; x_wconf 81' lang='lat' dir='ltr'><strong>tot</strong></span> <span class='ocrx_word' id='word_1_2' title='bbox 488 187 525 234; x_wconf 92' lang='grc' dir='ltr'><strong>ιι.</strong></span> <span class='ocrx_word' id='word_1_3' title='bbox 537 183 616 233; x_wconf 82' lang='grc' dir='ltr'>ιιι.</span> <span class='ocrx_word' id='word_1_4' title='bbox 629 184 851 248; x_wconf 73' lang='lat' dir='ltr'><strong>commutant</strong></span> 
     </span>
    </p>
   </div>
   <div class='ocr_carea' id='block_1_2' title="bbox 138 339 1233 1433">
    <p class='ocr_par' dir='ltr' id='par_1_2' title="bbox 171 339 1233 444">
     <span class='ocr_line' id='line_1_2' title="bbox 171 339 1233 444; baseline 0 -40"><span class='ocrx_word' id='word_1_5' title='bbox 171 341 343 406; x_wconf 88' lang='lat' dir='ltr'><strong>stituendum</strong></span> <span class='ocrx_word' id='word_1_6' title='bbox 363 350 425 418; x_wconf 89' lang='lat' dir='ltr'><strong>est,</strong></span> <span class='ocrx_word' id='word_1_7' title='bbox 439 344 477 400; x_wconf 95' lang='lat' dir='ltr'><strong>ut</strong></span> <span class='ocrx_word' id='word_1_8' title='bbox 496 347 525 400; x_wconf 90' lang='lat' dir='ltr'><strong>et</strong></span> <span class='ocrx_word' id='word_1_9' title='bbox 550 339 663 417; x_wconf 90' lang='lat' dir='ltr'><strong>digredi</strong></span> <span class='ocrx_word' id='word_1_10' title='bbox 685 357 723 400; x_wconf 86' lang='lat' dir='ltr'><strong>ex</strong></span> <span class='ocrx_word' id='word_1_11' title='bbox 743 357 780 400; x_wconf 94' lang='lat' dir='ltr'><strong>eo</strong></span> <span class='ocrx_word' id='word_1_12' title='bbox 803 349 833 400; x_wconf 90' lang='lat' dir='ltr'><strong>et</strong></span> <span class='ocrx_word' id='word_1_13' title='bbox 859 341 1004 419; x_wconf 83' lang='lat' dir='ltr'><strong>regredi</strong></span> <span class='ocrx_word' id='word_1_14' title='bbox 995 361 1024 402; x_wconf 93' lang='lat' dir='ltr'><strong>m</strong></span> <span class='ocrx_word' id='word_1_15' title='bbox 1044 343 1074 402; x_wconf 93' lang='lat' dir='ltr'><strong>id</strong></span> <span class='ocrx_word' id='word_1_16' title='bbox 1089 343 1185 404; x_wconf 81' lang='lat' dir='ltr'><strong>facile</strong></span> <span class='ocrx_word' id='word_1_17' title='bbox 1232 387 1233 444; x_wconf 72' lang='lat'><strong>,</strong></span> 
     </span>
    </p>

    <p class='ocr_par' dir='ltr' id='par_1_3' title="bbox 141 415 1233 1093">
     <span class='ocr_line' id='line_1_3' title="bbox 141 415 1233 522; baseline 0 -35"><span class='ocrx_word' id='word_1_18' title='bbox 141 429 323 508; x_wconf 66' lang='lat' dir='ltr'><strong>§possimus</strong></span> <span class='ocrx_word' id='word_1_19' title='bbox 356 423 428 486; x_wconf 91' lang='lat' dir='ltr'><strong>Nam</strong></span> <span class='ocrx_word' id='word_1_20' title='bbox 446 433 478 485; x_wconf 92' lang='lat' dir='ltr'><strong>ut</strong></span> <span class='ocrx_word' id='word_1_21' title='bbox 493 425 613 522; x_wconf 88' lang='lat' dir='ltr'><strong>primum</strong></span> <span class='ocrx_word' id='word_1_22' title='bbox 628 433 673 483; x_wconf 91' lang='lat' dir='ltr'><strong>est</strong></span> <span class='ocrx_word' id='word_1_23' title='bbox 689 424 775 485; x_wconf 91' lang='lat' dir='ltr'><strong>domo</strong></span> <span class='ocrx_word' id='word_1_24' title='bbox 795 425 902 485; x_wconf 87' lang='lat' dir='ltr'><strong>alierre</strong></span> <span class='ocrx_word' id='word_1_25' title='bbox 917 435 1046 504; x_wconf 90' lang='lat' dir='ltr'><strong>paratam</strong></span> <span class='ocrx_word' id='word_1_26' title='bbox 1062 415 1233 488; x_wconf 89' lang='lat' dir='ltr'><strong>dicendi</strong></span> 
     </span>
     <span class='ocr_line' id='line_1_4' title="bbox 170 491 1186 591; baseline -0.001 -19"><span class='ocrx_word' id='word_1_27' title='bbox 170 513 284 591; x_wconf 89' lang='lat' dir='ltr'><strong>copiam</strong></span> <span class='ocrx_word' id='word_1_28' title='bbox 305 518 334 570; x_wconf 88' lang='lat' dir='ltr'><strong>at</strong></span> <span class='ocrx_word' id='word_1_29' title='bbox 358 491 480 572; x_wconf 79' lang='lat' dir='ltr'><strong>certam:</strong></span> <span class='ocrx_word' id='word_1_30' title='bbox 503 510 542 568; x_wconf 89' lang='lat' dir='ltr'><strong>ita</strong></span> <span class='ocrx_word' id='word_1_31' title='bbox 561 507 690 567; x_wconf 84' lang='lat' dir='ltr'><strong>refutare</strong></span> <span class='ocrx_word' id='word_1_32' title='bbox 710 511 850 586; x_wconf 88' lang='lat' dir='ltr'><strong>temporis</strong></span> <span class='ocrx_word' id='word_1_33' title='bbox 867 527 985 570; x_wconf 92' lang='lat' dir='ltr'><strong>munera</strong></span> <span class='ocrx_word' id='word_1_34' title='bbox 999 511 1090 588; x_wconf 90' lang='lat' dir='ltr'><strong>louge</strong></span> <span class='ocrx_word' id='word_1_35' title='bbox 1108 511 1186 571; x_wconf 89' lang='lat' dir='ltr'><strong>stul·</strong></span> 
     </span>
     <span class='ocr_line' id='line_1_5' title="bbox 169 591 1187 673; baseline -0.002 -17"><span class='ocrx_word' id='word_1_36' title='bbox 169 597 307 656; x_wconf 81' lang='lat' dir='ltr'><strong>tissimum</strong></span> <span class='ocrx_word' id='word_1_37' title='bbox 329 604 384 654; x_wconf 89' lang='lat' dir='ltr'><strong>ast.</strong></span> <span class='ocrx_word' id='word_1_38' title='bbox 430 591 527 668; x_wconf 83' lang='lat' dir='ltr'><strong>Quare</strong></span> <span class='ocrx_word' id='word_1_39' title='bbox 548 592 687 669; x_wconf 78' lang='lat' dir='ltr'><strong>cogitatio</strong></span> <span class='ocrx_word' id='word_1_40' title='bbox 713 594 742 652; x_wconf 92' lang='lat' dir='ltr'><strong>in</strong></span> <span class='ocrx_word' id='word_1_41' title='bbox 765 593 822 652; x_wconf 92' lang='lat' dir='ltr'><strong>boc</strong></span> <span class='ocrx_word' id='word_1_42' title='bbox 842 605 1051 673; x_wconf 77' lang='lat' dir='ltr'><strong>praeparetur,</strong></span> <span class='ocrx_word' id='word_1_43' title='bbox 1073 603 1107 654; x_wconf 93' lang='lat' dir='ltr'><strong>ut</strong></span> <span class='ocrx_word' id='word_1_44' title='bbox 1128 611 1187 654; x_wconf 90' lang='lat' dir='ltr'><strong>uos</strong></span> 
     </span>
     <span class='ocr_line' id='line_1_6' title="bbox 169 675 1188 757; baseline -0.002 -17"><span class='ocrx_word' id='word_1_45' title='bbox 169 681 284 740; x_wconf 88' lang='lat' dir='ltr'><strong>lortuua</strong></span> <span class='ocrx_word' id='word_1_46' title='bbox 299 679 438 757; x_wconf 79' lang='lat' dir='ltr'><strong>decipere</strong></span> <span class='ocrx_word' id='word_1_47' title='bbox 456 695 513 737; x_wconf 96' lang='lat' dir='ltr'><strong>nou</strong></span> <span class='ocrx_word' id='word_1_48' title='bbox 528 677 639 755; x_wconf 86' lang='lat' dir='ltr'><strong>possit,</strong></span> <span class='ocrx_word' id='word_1_49' title='bbox 661 675 797 736; x_wconf 83' lang='lat' dir='ltr'><strong>adiurare</strong></span> <span class='ocrx_word' id='word_1_50' title='bbox 813 679 917 755; x_wconf 91' lang='lat' dir='ltr'><strong>possit.</strong></span> <span class='ocrx_word' id='word_1_51' title='bbox 961 677 993 739; x_wconf 93' lang='lat' dir='ltr'><strong>ld</strong></span> <span class='ocrx_word' id='word_1_52' title='bbox 1013 687 1113 740; x_wconf 90' lang='lat' dir='ltr'><strong>auteur</strong></span> <span class='ocrx_word' id='word_1_53' title='bbox 1134 680 1188 738; x_wconf 86' lang='lat' dir='ltr'><strong>det</strong></span> 
     </span>
     <span class='ocr_line' id='line_1_7' title="bbox 169 760 1233 840; baseline -0.002 -16"><span class='ocrx_word' id='word_1_54' title='bbox 169 764 325 825; x_wconf 78' lang='lat' dir='ltr'><strong>memoriae</strong></span> <span class='ocrx_word' id='word_1_55' title='bbox 340 763 460 838; x_wconf 85' lang='lat' dir='ltr'><strong>viribus,</strong></span> <span class='ocrx_word' id='word_1_56' title='bbox 476 769 507 821; x_wconf 90' lang='lat' dir='ltr'><strong>ut</strong></span> <span class='ocrx_word' id='word_1_57' title='bbox 521 760 588 836; x_wconf 91' lang='lat' dir='ltr'><strong>illa,</strong></span> <span class='ocrx_word' id='word_1_58' title='bbox 605 777 680 838; x_wconf 86' lang='lat' dir='ltr'><strong>quae</strong></span> <span class='ocrx_word' id='word_1_59' title='bbox 697 761 842 839; x_wconf 83' lang='lat' dir='ltr'><strong>complexi</strong></span> <span class='ocrx_word' id='word_1_60' title='bbox 857 763 951 822; x_wconf 88' lang='lat' dir='ltr'><strong>auimo</strong></span> <span class='ocrx_word' id='word_1_61' title='bbox 965 780 1074 839; x_wconf 90' lang='lat' dir='ltr'><strong>sumus,</strong></span> <span class='ocrx_word' id='word_1_62' title='bbox 1093 761 1187 822; x_wconf 86' lang='lat' dir='ltr'><strong>duant</strong></span> <span class='ocrx_word' id='word_1_63' title='bbox 1231 819 1233 840; x_wconf 66' lang='lat'><strong>,</strong></span> 
     </span>
     <span class='ocr_line' id='line_1_8' title="bbox 169 845 1185 926; baseline -0.002 -18"><span class='ocrx_word' id='word_1_64' title='bbox 169 867 290 916; x_wconf 79' lang='lat' dir='ltr'><strong>secura3</strong></span> <span class='ocrx_word' id='word_1_65' title='bbox 306 865 364 906; x_wconf 92' lang='lat' dir='ltr'><strong>non</strong></span> <span class='ocrx_word' id='word_1_66' title='bbox 380 845 523 908; x_wconf 88' lang='lat' dir='ltr'><strong>sollicitos</strong></span> <span class='ocrx_word' id='word_1_67' title='bbox 546 854 576 904; x_wconf 90' lang='lat' dir='ltr'><strong>et</strong></span> <span class='ocrx_word' id='word_1_68' title='bbox 596 845 790 923; x_wconf 87' lang='lat' dir='ltr'><strong>respicientes</strong></span> <span class='ocrx_word' id='word_1_69' title='bbox 811 853 841 905; x_wconf 91' lang='lat' dir='ltr'><strong>et</strong></span> <span class='ocrx_word' id='word_1_70' title='bbox 861 863 916 908; x_wconf 88' lang='lat' dir='ltr'><strong>una</strong></span> <span class='ocrx_word' id='word_1_71' title='bbox 942 864 997 924; x_wconf 91' lang='lat' dir='ltr'><strong>spe</strong></span> <span class='ocrx_word' id='word_1_72' title='bbox 1016 864 1185 926; x_wconf 88' lang='lat' dir='ltr'><strong>suspensos</strong></span> 
     </span>
     <span class='ocr_line' id='line_1_9' title="bbox 169 928 1185 1010; baseline -0.002 -16"><span class='ocrx_word' id='word_1_73' title='bbox 169 932 380 994; x_wconf 90' lang='lat' dir='ltr'><strong>recordationis</strong></span> <span class='ocrx_word' id='word_1_74' title='bbox 396 949 454 991; x_wconf 92' lang='lat' dir='ltr'><strong>non</strong></span> <span class='ocrx_word' id='word_1_75' title='bbox 469 931 562 994; x_wconf 88' lang='lat' dir='ltr'><strong>sinaut</strong></span> <span class='ocrx_word' id='word_1_76' title='bbox 579 928 746 1008; x_wconf 82' lang='lat' dir='ltr'><strong>providere</strong></span> <span class='ocrx_word' id='word_1_77' title='bbox 779 929 898 1010; x_wconf 82' lang='lat' dir='ltr'><strong>Alioqui</strong></span> <span class='ocrx_word' id='word_1_78' title='bbox 921 930 970 991; x_wconf 87' lang='lat' dir='ltr'><strong>vel</strong></span> <span class='ocrx_word' id='word_1_79' title='bbox 992 940 1185 1010; x_wconf 86' lang='lat' dir='ltr'><strong>extempora-</strong></span> 
     </span>
     <span class='ocr_line' id='line_1_10' title="bbox 169 1012 1184 1093; baseline -0.001 -16"><span class='ocrx_word' id='word_1_80' title='bbox 169 1017 226 1077; x_wconf 86' lang='lat' dir='ltr'><strong>lem</strong></span> <span class='ocrx_word' id='word_1_81' title='bbox 244 1017 435 1076; x_wconf 81' lang='lat' dir='ltr'><strong>temeritatem</strong></span> <span class='ocrx_word' id='word_1_82' title='bbox 448 1013 524 1074; x_wconf 90' lang='lat' dir='ltr'><strong>malo</strong></span> <span class='ocrx_word' id='word_1_83' title='bbox 541 1031 625 1093; x_wconf 91' lang='lat' dir='ltr'><strong>quam</strong></span> <span class='ocrx_word' id='word_1_84' title='bbox 642 1012 718 1074; x_wconf 89' lang='lat' dir='ltr'><strong>male</strong></span> <span class='ocrx_word' id='word_1_85' title='bbox 734 1013 941 1075; x_wconf 90' lang='lat' dir='ltr'><strong>cohaerentem</strong></span> <span class='ocrx_word' id='word_1_86' title='bbox 958 1016 1184 1092; x_wconf 75' lang='lat' dir='ltr'><strong>cogitationem.</strong></span> 
     </span>
    </p>

    <p class='ocr_par' dir='ltr' id='par_1_4' title="bbox 141 1099 1185 1433">
     <span class='ocr_line' id='line_1_11' title="bbox 141 1099 1184 1200; baseline -0.001 -39"><span class='ocrx_word' id='word_1_87' title='bbox 141 1101 254 1164; x_wconf 83' lang='lat' dir='ltr'><strong>iPeius</strong></span> <span class='ocrx_word' id='word_1_88' title='bbox 270 1101 345 1160; x_wconf 91' lang='lat' dir='ltr'><strong>enim</strong></span> <span class='ocrx_word' id='word_1_89' title='bbox 361 1100 508 1200; x_wconf 81' lang='lat' dir='ltr'><strong>quaeritur</strong></span> <span class='ocrx_word' id='word_1_90' title='bbox 523 1105 687 1173; x_wconf 80' lang='lat' dir='ltr'><strong>retrorsus,</strong></span> <span class='ocrx_word' id='word_1_91' title='bbox 710 1100 791 1197; x_wconf 87' lang='lat' dir='ltr'><strong>quia,</strong></span> <span class='ocrx_word' id='word_1_92' title='bbox 813 1099 879 1158; x_wconf 91' lang='lat' dir='ltr'><strong>dum</strong></span> <span class='ocrx_word' id='word_1_93' title='bbox 898 1099 949 1159; x_wconf 88' lang='lat' dir='ltr'><strong>illa</strong></span> <span class='ocrx_word' id='word_1_94' title='bbox 966 1099 1184 1176; x_wconf 88' lang='lat' dir='ltr'><strong>desideramus,</strong></span> 
     </span>
     <span class='ocr_line' id='line_1_12' title="bbox 138 1171 1185 1262; baseline -0.001 -16.969"><span class='ocrx_word' id='word_1_95' title='bbox 138 1171 204 1245; x_wconf 90' lang='lat' dir='ltr'><strong>ab</strong></span> <span class='ocrx_word' id='word_1_96' title='bbox 222 1185 286 1244; x_wconf 88' lang='lat' dir='ltr'><strong>aliia</strong></span> <span class='ocrx_word' id='word_1_97' title='bbox 301 1186 471 1259; x_wconf 86' lang='lat' dir='ltr'><strong>avertimur,</strong></span> <span class='ocrx_word' id='word_1_98' title='bbox 495 1191 524 1242; x_wconf 91' lang='lat' dir='ltr'><strong>et</strong></span> <span class='ocrx_word' id='word_1_99' title='bbox 545 1201 583 1242; x_wconf 85' lang='lat' dir='ltr'><strong>ex</strong></span> <span class='ocrx_word' id='word_1_100' title='bbox 599 1183 736 1242; x_wconf 86' lang='lat' dir='ltr'><strong>memoria</strong></span> <span class='ocrx_word' id='word_1_101' title='bbox 751 1183 852 1261; x_wconf 87' lang='lat' dir='ltr'><strong>potius</strong></span> <span class='ocrx_word' id='word_1_102' title='bbox 863 1184 1022 1262; x_wconf 88' lang='lat' dir='ltr'><strong>repetimus</strong></span> <span class='ocrx_word' id='word_1_103' title='bbox 1039 1201 1129 1262; x_wconf 83' lang='lat' dir='ltr'><strong>quarn</strong></span> <span class='ocrx_word' id='word_1_104' title='bbox 1145 1203 1185 1244; x_wconf 85' lang='lat' dir='ltr'><strong>ex</strong></span> 
     </span>
     <span class='ocr_line' id='line_1_13' title="bbox 170 1267 1184 1348; baseline 0 -20"><span class='ocrx_word' id='word_1_105' title='bbox 170 1272 298 1334; x_wconf 90' lang='lat' dir='ltr'><strong>materia.</strong></span> <span class='ocrx_word' id='word_1_106' title='bbox 325 1269 410 1330; x_wconf 88' lang='lat' dir='ltr'><strong>Plura</strong></span> <span class='ocrx_word' id='word_1_107' title='bbox 426 1275 490 1328; x_wconf 92' lang='lat' dir='ltr'><strong>sunt</strong></span> <span class='ocrx_word' id='word_1_108' title='bbox 500 1275 605 1342; x_wconf 90' lang='lat' dir='ltr'><strong>autem,</strong></span> <span class='ocrx_word' id='word_1_109' title='bbox 624 1267 649 1326; x_wconf 93' lang='lat' dir='ltr'><strong>si</strong></span> <span class='ocrx_word' id='word_1_110' title='bbox 660 1275 811 1346; x_wconf 90' lang='lat' dir='ltr'><strong>utrumque</strong></span> <span class='ocrx_word' id='word_1_111' title='bbox 823 1267 1019 1347; x_wconf 89' lang='lat' dir='ltr'><strong>quaerendum</strong></span> <span class='ocrx_word' id='word_1_112' title='bbox 1032 1277 1089 1344; x_wconf 91' lang='lat' dir='ltr'><strong>est,</strong></span> <span class='ocrx_word' id='word_1_113' title='bbox 1106 1285 1184 1348; x_wconf 87' lang='lat' dir='ltr'><strong>quae</strong></span> 
     </span>
     <span class='ocr_line' id='line_1_14' title="bbox 169 1351 853 1433; baseline -0.01 -20"><span class='ocrx_word' id='word_1_114' title='bbox 169 1355 290 1413; x_wconf 87' lang='lat' dir='ltr'><strong>inveniri</strong></span> <span class='ocrx_word' id='word_1_115' title='bbox 306 1361 429 1433; x_wconf 88' lang='lat' dir='ltr'><strong>possunt</strong></span> <span class='ocrx_word' id='word_1_116' title='bbox 446 1369 530 1430; x_wconf 89' lang='lat' dir='ltr'><strong>quam</strong></span> <span class='ocrx_word' id='word_1_117' title='bbox 547 1369 622 1429; x_wconf 90' lang='lat' dir='ltr'><strong>quae</strong></span> <span class='ocrx_word' id='word_1_118' title='bbox 640 1351 755 1411; x_wconf 91' lang='lat' dir='ltr'><strong>iuventa</strong></span> <span class='ocrx_word' id='word_1_119' title='bbox 770 1361 853 1412; x_wconf 88' lang='lat' dir='ltr'><strong>sunt..</strong></span> 
     </span>
    </p>
   </div>
   <div class='ocr_carea' id='block_1_3' title="bbox 204 1501 1147 1642">
    <p class='ocr_par' dir='ltr' id='par_1_5' title="bbox 204 1501 1147 1642">
     <span class='ocr_line' id='line_1_15' title="bbox 204 1501 1147 1568; baseline -0.003 -10"><span class='ocrx_word' id='word_1_120' title='bbox 204 1505 458 1568; x_wconf 77' lang='lat' dir='ltr'><strong>QUEMADMODUM</strong></span> <span class='ocrx_word' id='word_1_121' title='bbox 475 1501 727 1555; x_wconf 77' lang='lat' dir='ltr'><strong>EXTEblPORALlS</strong></span> <span class='ocrx_word' id='word_1_122' title='bbox 745 1503 914 1555; x_wconf 70' lang='lat' dir='ltr'><strong>tacturas</strong></span> <span class='ocrx_word' id='word_1_123' title='bbox 930 1505 1084 1556; x_wconf 71' lang='lat' dir='ltr'><strong>PARETUR</strong></span> <span class='ocrx_word' id='word_1_124' title='bbox 1103 1507 1147 1556; x_wconf 82' lang='lat' dir='ltr'><strong>ET</strong></span> 
     </span>
     <span class='ocr_line' id='line_1_16' title="bbox 555 1586 796 1642; baseline 0.017 -4"><span class='ocrx_word' id='word_1_125' title='bbox 555 1586 796 1642; x_wconf 76' lang='lat' dir='ltr'><strong>CONTINEATUR.</strong></span> 
     </span>
    </p>
   </div>
   <div class='ocr_carea' id='block_1_4' title="bbox 138 1680 1233 3024">
    <p class='ocr_par' dir='ltr' id='par_1_6' title="bbox 138 1680 1233 3024">
     <span class='ocr_line' id='line_1_17' title="bbox 182 1680 1183 1762; baseline 0.003 -22"><span class='ocrx_word' id='word_1_126' title='bbox 182 1700 184 1708; x_wconf 73' lang='grc'>’</span> <span class='ocrx_word' id='word_1_127' title='bbox 251 1680 315 1742; x_wconf 90' lang='lat' dir='ltr'><strong>Vll.</strong></span> <span class='ocrx_word' id='word_1_128' title='bbox 347 1680 488 1741; x_wconf 81' lang='lat' dir='ltr'><strong>Maximus</strong></span> <span class='ocrx_word' id='word_1_129' title='bbox 506 1698 577 1742; x_wconf 88' lang='lat' dir='ltr'><strong>vero</strong></span> <span class='ocrx_word' id='word_1_130' title='bbox 591 1681 748 1742; x_wconf 89' lang='lat' dir='ltr'><strong>studiorum</strong></span> <span class='ocrx_word' id='word_1_131' title='bbox 763 1681 875 1742; x_wconf 81' lang='lat' dir='ltr'><strong>fructus</strong></span> <span class='ocrx_word' id='word_1_132' title='bbox 892 1691 936 1742; x_wconf 88' lang='lat' dir='ltr'><strong>est</strong></span> <span class='ocrx_word' id='word_1_133' title='bbox 953 1691 981 1742; x_wconf 91' lang='lat' dir='ltr'><strong>et</strong></span> <span class='ocrx_word' id='word_1_134' title='bbox 998 1683 1079 1742; x_wconf 87' lang='lat' dir='ltr'><strong>velut</strong></span> <span class='ocrx_word' id='word_1_135' title='bbox 1095 1701 1183 1762; x_wconf 89' lang='lat' dir='ltr'><strong>prae·</strong></span> 
     </span>
     <span class='ocr_line' id='line_1_18' title="bbox 168 1765 1181 1846; baseline 0.002 -20"><span class='ocrx_word' id='word_1_136' title='bbox 168 1767 252 1826; x_wconf 90' lang='lat' dir='ltr'><strong>mium</strong></span> <span class='ocrx_word' id='word_1_137' title='bbox 269 1765 412 1844; x_wconf 88' lang='lat' dir='ltr'><strong>quoddam</strong></span> <span class='ocrx_word' id='word_1_138' title='bbox 428 1766 632 1846; x_wconf 88' lang='lat' dir='ltr'><strong>amplissimum</strong></span> <span class='ocrx_word' id='word_1_139' title='bbox 649 1765 730 1844; x_wconf 87' lang='lat' dir='ltr'><strong>longi</strong></span> <span class='ocrx_word' id='word_1_140' title='bbox 746 1765 855 1826; x_wconf 90' lang='lat' dir='ltr'><strong>laboris</strong></span> <span class='ocrx_word' id='word_1_141' title='bbox 874 1785 917 1827; x_wconf 86' lang='lat' dir='ltr'><strong>ex</strong></span> <span class='ocrx_word' id='word_1_142' title='bbox 935 1776 1106 1846; x_wconf 89' lang='lat' dir='ltr'><strong>tempore</strong></span> <span class='ocrx_word' id='word_1_143' title='bbox 1130 1769 1181 1828; x_wconf 94' lang='lat' dir='ltr'><strong>di·</strong></span> 
     </span>
     <span class='ocr_line' id='line_1_19' title="bbox 170 1850 1182 1930; baseline 0 -19"><span class='ocrx_word' id='word_1_144' title='bbox 170 1851 278 1911; x_wconf 87' lang='lat' dir='ltr'><strong>cendi</strong></span> <span class='ocrx_word' id='word_1_145' title='bbox 294 1850 476 1926; x_wconf 81' lang='lat' dir='ltr'><strong>facultas,</strong></span> <span class='ocrx_word' id='word_1_146' title='bbox 493 1869 577 1930; x_wconf 85' lang='lat' dir='ltr'><strong>quam</strong></span> <span class='ocrx_word' id='word_1_147' title='bbox 590 1850 637 1927; x_wconf 92' lang='lat' dir='ltr'><strong>qui</strong></span> <span class='ocrx_word' id='word_1_148' title='bbox 650 1866 707 1909; x_wconf 95' lang='lat' dir='ltr'><strong>uon</strong></span> <span class='ocrx_word' id='word_1_149' title='bbox 720 1851 775 1910; x_wconf 90' lang='lat' dir='ltr'><strong>erit</strong></span> <span class='ocrx_word' id='word_1_150' title='bbox 787 1859 973 1927; x_wconf 87' lang='lat' dir='ltr'><strong>consecutus,</strong></span> <span class='ocrx_word' id='word_1_151' title='bbox 986 1869 1050 1912; x_wconf 87' lang='lat' dir='ltr'><strong>mea</strong></span> <span class='ocrx_word' id='word_1_152' title='bbox 1064 1851 1182 1930; x_wconf 88' lang='lat' dir='ltr'><strong>quidem</strong></span> 
     </span>
     <span class='ocr_line' id='line_1_20' title="bbox 169 1933 1180 1996; baseline 0.001 -1"><span class='ocrx_word' id='word_1_153' title='bbox 169 1936 312 1996; x_wconf 90' lang='lat' dir='ltr'><strong>sententia</strong></span> <span class='ocrx_word' id='word_1_154' title='bbox 335 1933 468 1995; x_wconf 86' lang='lat' dir='ltr'><strong>civilibus</strong></span> <span class='ocrx_word' id='word_1_155' title='bbox 489 1935 594 1994; x_wconf 88' lang='lat' dir='ltr'><strong>ciliciis</strong></span> <span class='ocrx_word' id='word_1_156' title='bbox 615 1933 790 1994; x_wconf 87' lang='lat' dir='ltr'><strong>renuntiabit</strong></span> <span class='ocrx_word' id='word_1_157' title='bbox 813 1943 842 1995; x_wconf 89' lang='lat' dir='ltr'><strong>at</strong></span> <span class='ocrx_word' id='word_1_158' title='bbox 862 1934 955 1995; x_wconf 89' lang='lat' dir='ltr'><strong>solam</strong></span> <span class='ocrx_word' id='word_1_159' title='bbox 971 1935 1123 1996; x_wconf 87' lang='lat' dir='ltr'><strong>scribendi</strong></span> <span class='ocrx_word' id='word_1_160' title='bbox 1139 1936 1180 1996; x_wconf 86' lang='lat' dir='ltr'><strong>ia·</strong></span> 
     </span>
     <span class='ocr_line' id='line_1_21' title="bbox 169 2017 1180 2098; baseline 0 -20"><span class='ocrx_word' id='word_1_161' title='bbox 169 2019 307 2078; x_wconf 87' lang='lat' dir='ltr'><strong>cultatem</strong></span> <span class='ocrx_word' id='word_1_162' title='bbox 330 2020 427 2098; x_wconf 90' lang='lat' dir='ltr'><strong>potius</strong></span> <span class='ocrx_word' id='word_1_163' title='bbox 449 2019 485 2080; x_wconf 94' lang='lat' dir='ltr'><strong>ad</strong></span> <span class='ocrx_word' id='word_1_164' title='bbox 508 2019 564 2079; x_wconf 86' lang='lat' dir='ltr'><strong>alia</strong></span> <span class='ocrx_word' id='word_1_165' title='bbox 584 2035 676 2096; x_wconf 90' lang='lat' dir='ltr'><strong>opera</strong></span> <span class='ocrx_word' id='word_1_166' title='bbox 702 2027 863 2078; x_wconf 89' lang='lat' dir='ltr'><strong>convertet.</strong></span> <span class='ocrx_word' id='word_1_167' title='bbox 904 2017 961 2078; x_wconf 83' lang='lat' dir='ltr'><strong>Vix</strong></span> <span class='ocrx_word' id='word_1_168' title='bbox 986 2021 1061 2079; x_wconf 89' lang='lat' dir='ltr'><strong>euim</strong></span> <span class='ocrx_word' id='word_1_169' title='bbox 1084 2019 1180 2080; x_wconf 90' lang='lat' dir='ltr'><strong>bonae</strong></span> 
     </span>
     <span class='ocr_line' id='line_1_22' title="bbox 169 2101 1181 2182; baseline 0 -20"><span class='ocrx_word' id='word_1_170' title='bbox 169 2102 235 2163; x_wconf 89' lang='lat' dir='ltr'><strong>lidei</strong></span> <span class='ocrx_word' id='word_1_171' title='bbox 249 2105 314 2162; x_wconf 26' lang='lat' dir='ltr'><strong>*viro</strong></span> <span class='ocrx_word' id='word_1_172' title='bbox 330 2103 466 2163; x_wconf 86' lang='lat' dir='ltr'><strong>convenit</strong></span> <span class='ocrx_word' id='word_1_173' title='bbox 484 2103 619 2164; x_wconf 87' lang='lat' dir='ltr'><strong>auxilium</strong></span> <span class='ocrx_word' id='word_1_174' title='bbox 634 2103 662 2160; x_wconf 91' lang='lat' dir='ltr'><strong>iu</strong></span> <span class='ocrx_word' id='word_1_175' title='bbox 678 2101 824 2181; x_wconf 89' lang='lat' dir='ltr'><strong>publicum</strong></span> <span class='ocrx_word' id='word_1_176' title='bbox 839 2102 985 2182; x_wconf 85' lang='lat' dir='ltr'><strong>polliceri,</strong></span> <span class='ocrx_word' id='word_1_177' title='bbox 1002 2103 1081 2182; x_wconf 92' lang='lat' dir='ltr'><strong>quod</strong></span> <span class='ocrx_word' id='word_1_178' title='bbox 1094 2121 1181 2182; x_wconf 92' lang='lat' dir='ltr'><strong>prae·</strong></span> 
     </span>
     <span class='ocr_line' id='line_1_23' title="bbox 169 2185 1179 2266; baseline 0 -20"><span class='ocrx_word' id='word_1_179' title='bbox 169 2187 341 2256; x_wconf 78' lang='lat' dir='ltr'><strong>acutissimis</strong></span> <span class='ocrx_word' id='word_1_180' title='bbox 358 2187 520 2265; x_wconf 78' lang='lat' dir='ltr'><strong>quibusque</strong></span> <span class='ocrx_word' id='word_1_181' title='bbox 536 2185 674 2266; x_wconf 87' lang='lat' dir='ltr'><strong>periculis</strong></span> <span class='ocrx_word' id='word_1_182' title='bbox 691 2186 779 2255; x_wconf 78' lang='lat' dir='ltr'><strong>desit:</strong></span> <span class='ocrx_word' id='word_1_183' title='bbox 795 2196 826 2246; x_wconf 87' lang='lat' dir='ltr'><strong>nt</strong></span> <span class='ocrx_word' id='word_1_184' title='bbox 841 2189 949 2247; x_wconf 89' lang='lat' dir='ltr'><strong>intrare</strong></span> <span class='ocrx_word' id='word_1_185' title='bbox 963 2197 1080 2266; x_wconf 91' lang='lat' dir='ltr'><strong>portum</strong></span> <span class='ocrx_word' id='word_1_186' title='bbox 1096 2189 1179 2248; x_wconf 83' lang='lat' dir='ltr'><strong>navis</strong></span> 
     </span>
     <span class='ocr_line' id='line_1_24' title="bbox 140 2271 1180 2350; baseline 0 -20"><span class='ocrx_word' id='word_1_187' title='bbox 140 2272 222 2338; x_wconf 70' lang='lat' dir='ltr'><strong>anisi</strong></span> <span class='ocrx_word' id='word_1_188' title='bbox 240 2271 357 2331; x_wconf 85' lang='lat' dir='ltr'><strong>lenibus</strong></span> <span class='ocrx_word' id='word_1_189' title='bbox 368 2271 463 2331; x_wconf 87' lang='lat' dir='ltr'><strong>ventis</strong></span> <span class='ocrx_word' id='word_1_190' title='bbox 480 2279 565 2332; x_wconf 87' lang='lat' dir='ltr'><strong>vecta</strong></span> <span class='ocrx_word' id='word_1_191' title='bbox 580 2287 638 2330; x_wconf 93' lang='lat' dir='ltr'><strong>non</strong></span> <span class='ocrx_word' id='word_1_192' title='bbox 653 2272 757 2349; x_wconf 87' lang='lat' dir='ltr'><strong>possit.</strong></span> <span class='ocrx_word' id='word_1_193' title='bbox 790 2271 937 2350; x_wconf 89' lang='lat' dir='ltr'><strong>Siquidem</strong></span> <span class='ocrx_word' id='word_1_194' title='bbox 954 2271 1180 2332; x_wconf 88' lang='lat' dir='ltr'><strong>innumerabiles</strong></span> 
     </span>
     <span class='ocr_line' id='line_1_25' title="bbox 168 2354 1179 2435; baseline 0 -19"><span class='ocrx_word' id='word_1_195' title='bbox 168 2355 423 2416; x_wconf 89' lang='lat' dir='ltr'><strong>acciduntsubitae</strong></span> <span class='ocrx_word' id='word_1_196' title='bbox 436 2356 628 2416; x_wconf 89' lang='lat' dir='ltr'><strong>necessitates</strong></span> <span class='ocrx_word' id='word_1_197' title='bbox 643 2354 692 2414; x_wconf 87' lang='lat' dir='ltr'><strong>vel</strong></span> <span class='ocrx_word' id='word_1_198' title='bbox 710 2354 786 2434; x_wconf 87' lang='lat' dir='ltr'><strong>apud</strong></span> <span class='ocrx_word' id='word_1_199' title='bbox 797 2357 981 2434; x_wconf 87' lang='lat' dir='ltr'><strong>magistratus</strong></span> <span class='ocrx_word' id='word_1_200' title='bbox 994 2356 1043 2416; x_wconf 83' lang='lat' dir='ltr'><strong>vel</strong></span> <span class='ocrx_word' id='word_1_201' title='bbox 1059 2373 1179 2435; x_wconf 88' lang='lat' dir='ltr'><strong>reprae-</strong></span> 
     </span>
     <span class='ocr_line' id='line_1_26' title="bbox 168 2437 1179 2518; baseline 0.001 -20"><span class='ocrx_word' id='word_1_202' title='bbox 168 2441 289 2498; x_wconf 89' lang='lat' dir='ltr'><strong>sentatis</strong></span> <span class='ocrx_word' id='word_1_203' title='bbox 310 2438 422 2499; x_wconf 81' lang='lat' dir='ltr'><strong>iudiciis</strong></span> <span class='ocrx_word' id='word_1_204' title='bbox 440 2440 575 2498; x_wconf 91' lang='lat' dir='ltr'><strong>continuo</strong></span> <span class='ocrx_word' id='word_1_205' title='bbox 592 2438 707 2516; x_wconf 89' lang='lat' dir='ltr'><strong>agendi.</strong></span> <span class='ocrx_word' id='word_1_206' title='bbox 746 2437 873 2512; x_wconf 80' lang='lat' dir='ltr'><strong>Quarum</strong></span> <span class='ocrx_word' id='word_1_207' title='bbox 890 2441 1005 2518; x_wconf 89' lang='lat' dir='ltr'><strong>siqua,</strong></span> <span class='ocrx_word' id='word_1_208' title='bbox 1029 2457 1090 2500; x_wconf 93' lang='lat' dir='ltr'><strong>nou</strong></span> <span class='ocrx_word' id='word_1_209' title='bbox 1110 2441 1179 2500; x_wconf 89' lang='lat' dir='ltr'><strong>dico</strong></span> 
     </span>
     <span class='ocr_line' id='line_1_27' title="bbox 169 2521 1178 2604; baseline 0 -22"><span class='ocrx_word' id='word_1_210' title='bbox 169 2523 332 2601; x_wconf 89' lang='lat' dir='ltr'><strong>cuicunque</strong></span> <span class='ocrx_word' id='word_1_211' title='bbox 343 2522 537 2582; x_wconf 88' lang='lat' dir='ltr'><strong>innocentium</strong></span> <span class='ocrx_word' id='word_1_212' title='bbox 549 2523 652 2583; x_wconf 89' lang='lat' dir='ltr'><strong>civium</strong></span> <span class='ocrx_word' id='word_1_213' title='bbox 670 2521 723 2582; x_wconf 90' lang='lat' dir='ltr'><strong>sed</strong></span> <span class='ocrx_word' id='word_1_214' title='bbox 735 2525 892 2584; x_wconf 83' lang='lat' dir='ltr'><strong>anticorum</strong></span> <span class='ocrx_word' id='word_1_215' title='bbox 900 2540 936 2585; x_wconf 92' lang='lat' dir='ltr'><strong>ac</strong></span> <span class='ocrx_word' id='word_1_216' title='bbox 948 2526 1178 2604; x_wconf 85' lang='lat' dir='ltr'><strong>propinquorum</strong></span> 
     </span>
     <span class='ocr_line' id='line_1_28' title="bbox 168 2607 1179 2686; baseline 0.001 -19"><span class='ocrx_word' id='word_1_217' title='bbox 168 2607 254 2667; x_wconf 88' lang='lat' dir='ltr'><strong>alicui</strong></span> <span class='ocrx_word' id='word_1_218' title='bbox 267 2608 416 2668; x_wconf 82' lang='lat' dir='ltr'><strong>evenerit:</strong></span> <span class='ocrx_word' id='word_1_219' title='bbox 433 2607 558 2668; x_wconf 88' lang='lat' dir='ltr'><strong>stabitne</strong></span> <span class='ocrx_word' id='word_1_220' title='bbox 569 2617 663 2668; x_wconf 90' lang='lat' dir='ltr'><strong>mutus</strong></span> <span class='ocrx_word' id='word_1_221' title='bbox 679 2616 709 2667; x_wconf 92' lang='lat' dir='ltr'><strong>et</strong></span> <span class='ocrx_word' id='word_1_222' title='bbox 723 2607 879 2668; x_wconf 89' lang='lat' dir='ltr'><strong>salutarem</strong></span> <span class='ocrx_word' id='word_1_223' title='bbox 891 2607 1057 2686; x_wconf 88' lang='lat' dir='ltr'><strong>petentibus</strong></span> <span class='ocrx_word' id='word_1_224' title='bbox 1073 2619 1179 2668; x_wconf 84' lang='lat' dir='ltr'><strong>vocem</strong></span> 
     </span>
     <span class='ocr_line' id='line_1_29' title="bbox 169 2692 1179 2771; baseline 0.001 -21"><span class='ocrx_word' id='word_1_225' title='bbox 169 2693 334 2771; x_wconf 83' lang='lat' dir='ltr'><strong>statimque,</strong></span> <span class='ocrx_word' id='word_1_226' title='bbox 350 2693 375 2752; x_wconf 87' lang='lat' dir='ltr'><strong>si</strong></span> <span class='ocrx_word' id='word_1_227' title='bbox 390 2709 448 2751; x_wconf 90' lang='lat' dir='ltr'><strong>uon</strong></span> <span class='ocrx_word' id='word_1_228' title='bbox 463 2700 659 2767; x_wconf 87' lang='lat' dir='ltr'><strong>succurratur,</strong></span> <span class='ocrx_word' id='word_1_229' title='bbox 676 2692 812 2770; x_wconf 87' lang='lat' dir='ltr'><strong>perituris</strong></span> <span class='ocrx_word' id='word_1_230' title='bbox 826 2708 923 2752; x_wconf 88' lang='lat' dir='ltr'><strong>nroras</strong></span> <span class='ocrx_word' id='word_1_231' title='bbox 939 2701 968 2752; x_wconf 91' lang='lat' dir='ltr'><strong>et</strong></span> <span class='ocrx_word' id='word_1_232' title='bbox 980 2711 1134 2753; x_wconf 89' lang='lat' dir='ltr'><strong>secessum</strong></span> <span class='ocrx_word' id='word_1_233' title='bbox 1151 2701 1179 2752; x_wconf 91' lang='lat' dir='ltr'><strong>et</strong></span> 
     </span>
     <span class='ocr_line' id='line_1_30' title="bbox 169 2773 1177 2856; baseline 0.003 -22"><span class='ocrx_word' id='word_1_234' title='bbox 169 2775 313 2836; x_wconf 83' lang='lat' dir='ltr'><strong>silentium</strong></span> <span class='ocrx_word' id='word_1_235' title='bbox 337 2785 475 2856; x_wconf 91' lang='lat' dir='ltr'><strong>quaeret,</strong></span> <span class='ocrx_word' id='word_1_236' title='bbox 498 2776 563 2836; x_wconf 89' lang='lat' dir='ltr'><strong>dum</strong></span> <span class='ocrx_word' id='word_1_237' title='bbox 584 2774 637 2836; x_wconf 88' lang='lat' dir='ltr'><strong>illa</strong></span> <span class='ocrx_word' id='word_1_238' title='bbox 657 2775 747 2836; x_wconf 82' lang='lat' dir='ltr'><strong>verba</strong></span> <span class='ocrx_word' id='word_1_239' title='bbox 769 2773 948 2836; x_wconf 83' lang='lat' dir='ltr'><strong>fabricentur</strong></span> <span class='ocrx_word' id='word_1_240' title='bbox 969 2785 999 2837; x_wconf 93' lang='lat' dir='ltr'><strong>et</strong></span> <span class='ocrx_word' id='word_1_241' title='bbox 1019 2778 1177 2838; x_wconf 89' lang='lat' dir='ltr'><strong>memoriae</strong></span> 
     </span>
     <span class='ocr_line' id='line_1_31' title="bbox 138 2856 1233 2942; baseline -0.002 -20"><span class='ocrx_word' id='word_1_242' title='bbox 138 2859 289 2922; x_wconf 82' lang='lat' dir='ltr'><strong>3insidant</strong></span> <span class='ocrx_word' id='word_1_243' title='bbox 305 2869 334 2920; x_wconf 93' lang='lat' dir='ltr'><strong>et</strong></span> <span class='ocrx_word' id='word_1_244' title='bbox 350 2877 410 2921; x_wconf 85' lang='lat' dir='ltr'><strong>vox</strong></span> <span class='ocrx_word' id='word_1_245' title='bbox 427 2879 462 2922; x_wconf 89' lang='lat' dir='ltr'><strong>ac</strong></span> <span class='ocrx_word' id='word_1_246' title='bbox 478 2860 552 2920; x_wconf 90' lang='lat' dir='ltr'><strong>latus</strong></span> <span class='ocrx_word' id='word_1_247' title='bbox 573 2856 787 2940; x_wconf 80' lang='lat' dir='ltr'><strong>praeparetur?</strong></span> <span class='ocrx_word' id='word_1_248' title='bbox 814 2859 897 2935; x_wconf 83' lang='lat' dir='ltr'><strong>Quae</strong></span> <span class='ocrx_word' id='word_1_249' title='bbox 911 2878 984 2921; x_wconf 86' lang='lat' dir='ltr'><strong>vero</strong></span> <span class='ocrx_word' id='word_1_250' title='bbox 999 2863 1107 2942; x_wconf 89' lang='lat' dir='ltr'><strong>patitur</strong></span> <span class='ocrx_word' id='word_1_251' title='bbox 1120 2861 1176 2920; x_wconf 91' lang='lat' dir='ltr'><strong>boc</strong></span> <span class='ocrx_word' id='word_1_252' title='bbox 1232 2929 1233 2942; x_wconf 11' lang='grc' dir='ltr'>χ</span> 
     </span>
     <span class='ocr_line' id='line_1_32' title="bbox 169 2942 1233 3024; baseline 0.002 -23"><span class='ocrx_word' id='word_1_253' title='bbox 169 2944 274 3018; x_wconf 83' lang='grc' dir='ltr'>οιιιίο,</span> <span class='ocrx_word' id='word_1_254' title='bbox 289 2953 320 3004; x_wconf 93' lang='lat' dir='ltr'><strong>ut</strong></span> <span class='ocrx_word' id='word_1_255' title='bbox 337 2945 487 3024; x_wconf 87' lang='lat' dir='ltr'><strong>quisquam</strong></span> <span class='ocrx_word' id='word_1_256' title='bbox 501 2946 596 3024; x_wconf 85' lang='lat' dir='ltr'><strong>possit</strong></span> <span class='ocrx_word' id='word_1_257' title='bbox 607 2953 706 3004; x_wconf 90' lang='lat' dir='ltr'><strong>orator</strong></span> <span class='ocrx_word' id='word_1_258' title='bbox 723 2945 857 3006; x_wconf 91' lang='lat' dir='ltr'><strong>omittere</strong></span> <span class='ocrx_word' id='word_1_259' title='bbox 873 2942 979 3005; x_wconf 81' lang='lat' dir='ltr'><strong>casus?</strong></span> <span class='ocrx_word' id='word_1_260' title='bbox 1010 2944 1097 3021; x_wconf 77' lang='lat' dir='ltr'><strong>Quid,</strong></span> <span class='ocrx_word' id='word_1_261' title='bbox 1115 2963 1178 3004; x_wconf 90' lang='lat' dir='ltr'><strong>cun</strong></span> <span class='ocrx_word' id='word_1_262' title='bbox 1231 2951 1233 3024; x_wconf 39' lang='lat'><strong>,</strong></span> 
     </span>
    </p>
   </div>
   <div class='ocr_carea' id='block_1_5' title="bbox 94 3025 1233 3531">
    <p class='ocr_par' dir='ltr' id='par_1_7' title="bbox 94 3025 1233 3531">
     <span class='ocr_line' id='line_1_33' title="bbox 169 3025 1233 3110; baseline 0.001 -23"><span class='ocrx_word' id='word_1_263' title='bbox 169 3026 336 3088; x_wconf 81' lang='lat' dir='ltr'><strong>adversario</strong></span> <span class='ocrx_word' id='word_1_264' title='bbox 363 3029 597 3107; x_wconf 91' lang='lat' dir='ltr'><strong>respondendum</strong></span> <span class='ocrx_word' id='word_1_265' title='bbox 620 3030 689 3105; x_wconf 91' lang='lat' dir='ltr'><strong>erit,</strong></span> <span class='ocrx_word' id='word_1_266' title='bbox 716 3025 785 3090; x_wconf 78' lang='lat' dir='ltr'><strong>bet?</strong></span> <span class='ocrx_word' id='word_1_267' title='bbox 821 3028 893 3090; x_wconf 86' lang='lat' dir='ltr'><strong>Nam</strong></span> <span class='ocrx_word' id='word_1_268' title='bbox 915 3046 1005 3110; x_wconf 85' lang='lat' dir='ltr'><strong>saepe</strong></span> <span class='ocrx_word' id='word_1_269' title='bbox 1027 3047 1079 3105; x_wconf 90' lang='lat' dir='ltr'><strong>ea,</strong></span> <span class='ocrx_word' id='word_1_270' title='bbox 1104 3046 1178 3107; x_wconf 86' lang='lat' dir='ltr'><strong>quae</strong></span> <span class='ocrx_word' id='word_1_271' title='bbox 1232 3101 1233 3106; x_wconf 8' lang='grc' dir='ltr'>γ</span> 
     </span>
     <span class='ocr_line' id='line_1_34' title="bbox 170 3113 1233 3192; baseline 0.002 -22"><span class='ocrx_word' id='word_1_272' title='bbox 170 3113 277 3190; x_wconf 89' lang='lat' dir='ltr'><strong>opinati</strong></span> <span class='ocrx_word' id='word_1_273' title='bbox 301 3131 397 3171; x_wconf 90' lang='lat' dir='ltr'><strong>sumus</strong></span> <span class='ocrx_word' id='word_1_274' title='bbox 428 3121 456 3172; x_wconf 90' lang='lat' dir='ltr'><strong>et</strong></span> <span class='ocrx_word' id='word_1_275' title='bbox 480 3123 580 3173; x_wconf 90' lang='lat' dir='ltr'><strong>contra</strong></span> <span class='ocrx_word' id='word_1_276' title='bbox 602 3130 676 3191; x_wconf 90' lang='lat' dir='ltr'><strong>quae</strong></span> <span class='ocrx_word' id='word_1_277' title='bbox 700 3114 887 3192; x_wconf 90' lang='lat' dir='ltr'><strong>scripsimus,</strong></span> <span class='ocrx_word' id='word_1_278' title='bbox 915 3113 1036 3189; x_wconf 89' lang='lat' dir='ltr'><strong>lallunt,</strong></span> <span class='ocrx_word' id='word_1_279' title='bbox 1059 3129 1096 3172; x_wconf 91' lang='lat' dir='ltr'><strong>ac</strong></span> <span class='ocrx_word' id='word_1_280' title='bbox 1116 3121 1177 3173; x_wconf 91' lang='lat' dir='ltr'><strong>tota</strong></span> <span class='ocrx_word' id='word_1_281' title='bbox 1232 3117 1233 3122; x_wconf 77' lang='grc'>’</span> 
     </span>
     <span class='ocr_line' id='line_1_35' title="bbox 170 3195 1233 3274; baseline 0 -19"><span class='ocrx_word' id='word_1_282' title='bbox 170 3195 266 3256; x_wconf 88' lang='lat' dir='ltr'><strong>subito</strong></span> <span class='ocrx_word' id='word_1_283' title='bbox 288 3213 375 3257; x_wconf 87' lang='lat' dir='ltr'><strong>causa</strong></span> <span class='ocrx_word' id='word_1_284' title='bbox 396 3205 533 3265; x_wconf 66' lang='lat' dir='ltr'><strong>mutatum</strong></span> <span class='ocrx_word' id='word_1_285' title='bbox 551 3205 638 3274; x_wconf 89' lang='lat' dir='ltr'><strong>atque</strong></span> <span class='ocrx_word' id='word_1_286' title='bbox 655 3205 686 3256; x_wconf 94' lang='lat' dir='ltr'><strong>ut</strong></span> <span class='ocrx_word' id='word_1_287' title='bbox 703 3197 892 3273; x_wconf 89' lang='lat' dir='ltr'><strong>gubernatori</strong></span> <span class='ocrx_word' id='word_1_288' title='bbox 907 3197 942 3257; x_wconf 91' lang='lat' dir='ltr'><strong>ad</strong></span> <span class='ocrx_word' id='word_1_289' title='bbox 958 3199 1091 3257; x_wconf 87' lang='lat' dir='ltr'><strong>incursus</strong></span> <span class='ocrx_word' id='word_1_290' title='bbox 1106 3205 1178 3257; x_wconf 87' lang='lat' dir='ltr'><strong>tem·</strong></span> <span class='ocrx_word' id='word_1_291' title='bbox 1232 3219 1233 3228; x_wconf 30' lang='grc' dir='ltr'>ι</span> 
     </span>
     <span class='ocr_line' id='line_1_36' title="bbox 94 3279 1177 3358; baseline 0.001 -20"><span class='ocrx_word' id='word_1_292' title='bbox 94 3327 98 3332; x_wconf 96' lang='grc'>.</span> <span class='ocrx_word' id='word_1_293' title='bbox 169 3289 314 3358; x_wconf 90' lang='lat' dir='ltr'><strong>pestatum</strong></span> <span class='ocrx_word' id='word_1_294' title='bbox 335 3281 378 3340; x_wconf 87' lang='lat' dir='ltr'><strong>sic</strong></span> <span class='ocrx_word' id='word_1_295' title='bbox 401 3281 498 3358; x_wconf 88' lang='lat' dir='ltr'><strong>agenti</strong></span> <span class='ocrx_word' id='word_1_296' title='bbox 520 3279 557 3341; x_wconf 90' lang='lat' dir='ltr'><strong>ad</strong></span> <span class='ocrx_word' id='word_1_297' title='bbox 573 3282 743 3341; x_wconf 88' lang='lat' dir='ltr'><strong>varietatem</strong></span> <span class='ocrx_word' id='word_1_298' title='bbox 767 3298 916 3342; x_wconf 89' lang='lat' dir='ltr'><strong>causarum</strong></span> <span class='ocrx_word' id='word_1_299' title='bbox 945 3282 1019 3341; x_wconf 91' lang='lat' dir='ltr'><strong>ratio</strong></span> <span class='ocrx_word' id='word_1_300' title='bbox 1044 3281 1177 3340; x_wconf 91' lang='lat' dir='ltr'><strong>mutanda</strong></span> 
     </span>
     <span class='ocr_line' id='line_1_37' title="bbox 145 3362 1178 3444; baseline -0.003 -18"><span class='ocrx_word' id='word_1_301' title='bbox 145 3372 229 3426; x_wconf 75' lang='lat' dir='ltr'><strong>best.</strong></span> <span class='ocrx_word' id='word_1_302' title='bbox 258 3362 333 3437; x_wconf 79' lang='lat' dir='ltr'><strong>Quid</strong></span> <span class='ocrx_word' id='word_1_303' title='bbox 351 3381 440 3444; x_wconf 88' lang='lat' dir='ltr'><strong>porro</strong></span> <span class='ocrx_word' id='word_1_304' title='bbox 456 3363 560 3425; x_wconf 90' lang='lat' dir='ltr'><strong>multus</strong></span> <span class='ocrx_word' id='word_1_305' title='bbox 578 3365 660 3426; x_wconf 90' lang='lat' dir='ltr'><strong>stilus</strong></span> <span class='ocrx_word' id='word_1_306' title='bbox 676 3373 705 3425; x_wconf 88' lang='lat' dir='ltr'><strong>et</strong></span> <span class='ocrx_word' id='word_1_307' title='bbox 723 3365 839 3425; x_wconf 89' lang='lat' dir='ltr'><strong>assidua</strong></span> <span class='ocrx_word' id='word_1_308' title='bbox 855 3365 945 3426; x_wconf 91' lang='lat' dir='ltr'><strong>lectio</strong></span> <span class='ocrx_word' id='word_1_309' title='bbox 963 3375 991 3424; x_wconf 91' lang='lat' dir='ltr'><strong>et</strong></span> <span class='ocrx_word' id='word_1_310' title='bbox 1013 3363 1102 3441; x_wconf 89' lang='lat' dir='ltr'><strong>longa</strong></span> <span class='ocrx_word' id='word_1_311' title='bbox 1118 3373 1178 3424; x_wconf 89' lang='lat' dir='ltr'><strong>stu·</strong></span> 
     </span>
     <span class='ocr_line' id='line_1_38' title="bbox 169 3447 1177 3531; baseline -0.001 -25"><span class='ocrx_word' id='word_1_312' title='bbox 169 3447 280 3506; x_wconf 87' lang='lat' dir='ltr'><strong>diorum</strong></span> <span class='ocrx_word' id='word_1_313' title='bbox 303 3457 384 3509; x_wconf 91' lang='lat' dir='ltr'><strong>aetas</strong></span> <span class='ocrx_word' id='word_1_314' title='bbox 407 3448 491 3526; x_wconf 84' lang='lat' dir='ltr'><strong>facit,</strong></span> <span class='ocrx_word' id='word_1_315' title='bbox 516 3451 540 3508; x_wconf 90' lang='lat' dir='ltr'><strong>si</strong></span> <span class='ocrx_word' id='word_1_316' title='bbox 564 3457 660 3510; x_wconf 88' lang='lat' dir='ltr'><strong>manet</strong></span> <span class='ocrx_word' id='word_1_317' title='bbox 682 3449 785 3509; x_wconf 89' lang='lat' dir='ltr'><strong>eadern</strong></span> <span class='ocrx_word' id='word_1_318' title='bbox 805 3467 880 3531; x_wconf 88' lang='lat' dir='ltr'><strong>quae</strong></span> <span class='ocrx_word' id='word_1_319' title='bbox 902 3449 954 3509; x_wconf 86' lang='lat' dir='ltr'><strong>luit</strong></span> <span class='ocrx_word' id='word_1_320' title='bbox 971 3447 1177 3528; x_wconf 90' lang='lat' dir='ltr'><strong>incipientibus</strong></span> 
     </span>
    </p>
   </div>
   <div class='ocr_carea' id='block_1_6' title="bbox 0 0 1252 3952">
    <p class='ocr_par' dir='ltr' id='par_1_8' title="bbox 0 0 1252 3952">
     <span class='ocr_line' id='line_1_39' title="bbox 0 0 1252 3952; baseline 0 0"><span class='ocrx_word' id='word_1_321' title='bbox 0 0 1252 3952; x_wconf 95' lang='lat' dir='ltr'><strong> </strong></span> 
     </span>
    </p>
   </div>
  </div>
 </body>
</html>
