2494 3952
148 236 151 243 ·
200 223 260 286 130
513 231 876 292 n.naa.qmnn1n1nu1

94 429 99 438 ·
194 389 318 464 Cicero,
351 387 413 463 To,
437 387 546 466 inquit,
577 388 645 449 istis
668 388 828 467 faucibus,
855 386 1114 465 tritennarium,
1142 391 1202 450 ictu

190 473 380 555 placitatoria
405 473 497 534 totius
527 472 668 552 corporis
692 471 845 550 firmitate.
893 468 980 534 aliun
1008 472 1098 547 enim,
1113 474 1202 532 maius

193 557 251 617 alio
273 557 451 635 supervenit.
496 554 535 616 At
556 557 581 614 si
603 555 753 634 coepisset
772 562 867 614 atoto
883 570 1028 632 corpore,
1047 572 1107 615 non
1127 555 1201 616 bene

192 641 228 701 ad
243 641 335 701 latera
351 641 510 717 faucesque
526 633 730 700 descenderet.
759 637 813 698 Est
829 647 858 697 et
872 637 946 698 alius
961 638 1102 699 naturalis
1119 640 1201 717 ordo,

192 733 223 785 ut
242 727 326 786 ciros
347 725 548 803 cosentinus,
572 725 653 786 dcem
678 742 718 785 oc
733 729 866 798 noctem,
891 729 991 783 ortum
1011 732 1041 784 et
1057 741 1200 785 occasum

148 809 272 876 sadicas
296 809 392 887 potius
415 825 499 886 quam
521 816 690 868 retrorsum.
747 804 895 880 Quaedam
918 806 1019 866 ordine
1037 816 1200 885 permutato
1232 839 1233 874 r

192 894 261 952 iiunt
282 909 482 971 supervacua,
510 901 540 952 ut
558 892 677 970 fratres
693 891 825 971 peremi,-
857 907 921 949 nam
937 890 961 948 si
981 893 1199 968 praecesserint
1232 881 1233 944 i

190 978 320 1056 pemini:
334 977 451 1054 fratres
469 975 576 1035 addere
594 992 651 1034 non
668 983 713 1034 est
730 990 865 1034 necesse.
899 972 952 1033 Illa
969 975 1056 1034 nimia
1076 992 1199 1053 quorun

193 1060 256 1120 dam
280 1059 332 1126 init
355 1058 538 1134 observatio,
564 1068 595 1118 ut
616 1057 760 1119 vocabula
779 1057 894 1134 verbis,
917 1057 1008 1117 verba
1027 1076 1134 1118 rursus
1155 1060 1200 1120 nd·

191 1142 316 1219 verbiis,
346 1143 460 1202 nomina
492 1144 633 1221 appositis
660 1151 689 1202 et
716 1141 932 1220 pronominibus
962 1150 1063 1202 esseut
1091 1144 1199 1221 priora.

149 1226 262 1291 25Nam
283 1227 314 1287 tit
332 1236 433 1287 contra
455 1243 572 1306 quoque
593 1225 762 1305 frequenter
783 1243 841 1287 non
863 1225 1012 1286 indecore.
1058 1224 1200 1287 Necnon

193 1320 222 1371 et
237 1311 308 1371 illud
330 1312 432 1371 nimiae
448 1312 679 1390 superstitionis,
702 1312 743 1370 uti
762 1327 897 1389 quaeque
912 1310 968 1370 sint
987 1319 1143 1388 tempore,
1167 1329 1200 1370 ea

193 1395 292 1454 iacere
311 1396 397 1455 etiam
413 1394 513 1454 ordine
530 1396 642 1473 priora;
670 1411 728 1454 non
744 1393 811 1471 quin
826 1392 996 1472 frequenter
1011 1395 1049 1453 sit
1066 1393 1127 1454 hoc
1142 1413 1199 1454 me·
1233 1395 1234 1412 ¹

192 1479 263 1554 lius,
281 1478 333 1538 sed
349 1479 415 1557 qnia
431 1480 542 1538 interim
558 1478 623 1556 plns
635 1478 733 1538 valent
745 1487 810 1538 ante
825 1487 926 1555 gesta,
943 1479 1071 1556 ideoque
1081 1478 1199 1539 leviori·

150 1562 245 1628 nebus
266 1562 490 1640 superponenda
510 1570 585 1620 sunt.
627 1561 727 1622 Verbo
751 1580 866 1621 sensum
889 1562 1024 1637 cludere,
1049 1562 1157 1639 multo,
1177 1565 1200 1622 si

132 1697 137 1704 .
193 1647 366 1723 compositio
386 1648 526 1724 patiatur,
549 1647 686 1724 optimum
702 1655 755 1705 est.
800 1644 832 1704 ln
846 1644 945 1705 verbis
961 1647 1035 1705 enim
1056 1649 1199 1707 sermonis

192 1731 312 1788 visast.
357 1730 388 1789 Si
411 1729 439 1790 id
456 1747 590 1809 asperum
607 1732 677 1806 erit,
700 1729 786 1790 cedet
804 1729 878 1789 haec
901 1732 974 1789 ratio
996 1732 1142 1805 numeris,
1169 1740 1199 1788 ut

193 1813 223 1873 nt
239 1813 314 1892 apud
331 1831 456 1873 summos
469 1813 598 1874 Graecos
614 1812 788 1893 Latinosque
804 1822 937 1874 oratores
952 1812 1198 1893 frequentissime.

193 1899 260 1958 Sine
275 1896 361 1958 dubio
373 1899 427 1959 erit
439 1915 539 1973 omne,
553 1898 630 1978 quod
645 1915 703 1958 non
719 1898 832 1973 cludet,
848 1897 1046 1977 hyperbaton,
1062 1906 1090 1958 et
1106 1899 1197 1977 ipsum

192 1981 249 2042 hoc
272 1984 346 2042 inter
369 1991 471 2061 tropos
493 1983 542 2042 vel
563 1983 686 2059 figuras,
708 1999 782 2061 qnae
804 1990 869 2041 sunt
889 1983 1019 2057 virtutis,
1046 1991 1198 2061 receptum

149 2071 246 2127 otest.
290 2064 355 2126 Non
374 2069 447 2126 enim
467 2065 502 2126 ad
524 2067 615 2145 pedes
636 2065 726 2126 verba
749 2066 876 2126 dimensa
900 2075 981 2141 sunt,
1009 2065 1138 2146 ideoque
1159 2084 1196 2126 ex

192 2149 260 2208 loco
281 2149 491 2211 transferuntur
515 2151 543 2208 in
564 2149 679 2226 locum,
707 2159 738 2209 nt
765 2151 932 2228 iungantur,
957 2166 1014 2229 qno
1035 2159 1197 2227 congruunt

191 2235 324 2293 maxime.
380 2235 461 2294 Sicut
489 2235 518 2292 in
543 2243 687 2293 structura
712 2251 847 2294 saxorum
878 2234 988 2294 rudium
1016 2236 1102 2294 etiarn
1136 2236 1197 2313 ipsa

193 2320 348 2378 enormitas
377 2319 501 2393 inuenit,
529 2319 575 2378 cui
598 2317 738 2396 applicari
763 2327 792 2378 et
812 2319 914 2396 inquo
937 2319 1030 2396 possit
1049 2319 1197 2378 insistere.

192 2399 389 2460 Felicissimus
407 2409 501 2461 tamen
522 2418 618 2461 sermo
641 2410 705 2478 est,
733 2404 778 2462 cni
805 2411 835 2462 et
859 2409 958 2461 rectus
985 2402 1058 2462 ordo
1080 2410 1110 2461 et
1131 2411 1199 2481 apta

191 2484 321 2543 iunctura
350 2492 379 2543 et
407 2502 469 2543 cnm
505 2484 548 2544 his
575 2503 710 2545 numerus
737 2494 901 2565 opportune
928 2485 1035 2546 cadens
1065 2487 1199 2564 contigit.

147 2565 340 2639 issstuaedam
354 2584 427 2627 vero
448 2569 697 2645 transgressiones
715 2578 744 2629 et
768 2570 874 2646 longae
895 2579 961 2630 sunt
975 2571 1072 2646 nimis,
1098 2579 1130 2630 ut
1151 2589 1196 2628 sn·

193 2651 357 2728 perioribus
378 2652 500 2711 diximus
516 2651 613 2729 libris,
639 2663 669 2714 et
689 2653 801 2714 interim
822 2654 906 2713 etiam
927 2655 1142 2733 compositione
1155 2655 1197 2712 si·

193 2735 303 2812 tiosae,
326 2753 401 2814 quae
417 2738 445 2796 in
462 2735 520 2796 hoc
535 2738 627 2815 ipsum
642 2745 792 2815 petuntur,
815 2745 846 2796 ut
862 2736 994 2798 exultent
1008 2746 1096 2817 atque
1111 2737 1197 2797 lasci·

191 2819 284 2878 uiant:
310 2819 412 2898 quales
432 2820 500 2881 illae
523 2818 716 2898 Maecenatis,
735 2819 807 2883 Sole
828 2828 856 2882 et
874 2839 992 2883 aurora
1006 2824 1116 2884 rudent
1126 2823 1195 2900 pic-

191 2903 281 2964 m'mo.
326 2902 412 2965 Inter
437 2921 533 2966 sacro
556 2907 647 2966 movit
671 2922 754 2984 aqna
775 2906 928 2984 fraxinos.
979 2903 1026 2968 Ne
1051 2907 1197 2985 exequias

192 2988 314 3063 quidem
331 3006 410 3048 unos
428 2989 509 3048 inter
523 2990 708 3050 miserrimos
722 2990 858 3050 viderem
879 3007 973 3050 meos.
1019 2988 1104 3063 Quod
1123 2992 1196 3049 inter

144 3069 265 3132 estnec
282 3071 438 3148 pessimum
454 3080 514 3147 est,
530 3072 596 3148 quia
612 3073 640 3130 in
655 3090 688 3132 re
704 3073 777 3132 tristi
796 3072 866 3134 ludit
881 3073 1065 3151 compositio.
1100 3074 1196 3150 Saepe

193 3162 287 3214 tamen
304 3161 348 3213 est
363 3153 520 3214 vehemens
540 3154 644 3233 aliquis
659 3173 762 3215 sensns
780 3157 809 3215 in
823 3156 933 3232 verbo,
951 3157 1070 3235 quodsi
1092 3158 1120 3216 in
1137 3174 1192 3215 rne-

103 3311 105 3316 Α
192 3236 238 3298 dia
258 3247 342 3316 parte
358 3239 520 3298 sententiae
542 3238 628 3314 latet,
652 3240 776 3299 transire
791 3241 977 3300 intentionem
998 3249 1028 3300 et
1046 3239 1196 3300 obscurari

140 3341 142 3348 ·
192 3320 463 3381 circumiacentibus
484 3321 575 3390 solet;
612 3324 640 3381 in
665 3322 794 3383 clausula
816 3325 941 3402 positum
963 3324 1129 3401 assignatur
1147 3340 1194 3382 au·

191 3403 276 3463 ditori
293 3414 322 3464 et
340 3405 480 3483 infigitur:
503 3404 589 3484 quale
605 3405 676 3466 illud
693 3415 738 3465 est
753 3404 922 3483 Ciceronis,
951 3405 989 3468 Ut
1001 3409 1058 3470 tibi
1070 3425 1198 3469 necesse

148 3496 270 3549 adesset
284 3489 315 3548 in
330 3497 495 3567 conspeetu
507 3491 614 3569 populi
628 3488 757 3552 Romani
767 3509 887 3553 comere
899 3492 1059 3569 postridie.
1089 3490 1195 3551 Trans·
