2436 3956
166 215 206 278 ot
478 222 837 284 monomachorum

165 380 333 457 Quanquam
349 380 423 438 enim
438 378 600 438 rectissime
617 377 749 438 traditum
765 385 826 452 est,
843 377 1079 456 perspicuitatem
1093 391 1156 454 pro·

164 465 251 542 priis,
274 471 405 524 omatum
420 461 564 520 translatis
585 460 683 520 verbis
703 463 795 538 magis
814 478 920 537 egere:
948 461 1072 520 sciamus
1092 458 1172 530 nihil,

122 561 155 617 16
164 554 294 608 ornatum
312 563 396 622 asso,
413 545 490 623 quod
505 546 543 602 sit
557 545 752 624 improprium.
782 543 841 604 Sed
857 544 1011 605 cumidem
1029 542 1158 620 frequen·

162 631 272 691 tissime
287 629 371 708 plura
391 628 570 706 significent,
590 629 668 706 quod
683 627 854 705 ccvovoptc
868 635 1004 688 vocatur:
1029 627 1085 688 iam
1099 634 1160 686 saut

162 714 227 774 aliis
244 712 299 774 alia
311 712 495 787 honestiora,
511 710 695 784 sublimiora,
711 709 859 787 nitidiora,
876 709 1062 784 iucundiora,
1077 726 1161 773 voca·
1212 783 1213 788 .

163 797 247 859 liora.
281 795 353 857 Nam
368 804 399 855 ut
415 794 547 871 syllabas
564 812 581 853 a
600 795 704 855 litteris
720 793 823 854 melius
840 793 1008 855 sonantibus
1024 791 1162 855 clariores
1212 789 1213 808 ¹

164 889 243 940 sunt:
260 882 298 940 ita
314 878 405 939 verba
422 897 438 938 e
454 876 575 954 syllabis
591 879 682 954 magis
701 877 830 952 vocalia,
854 886 898 953 et,
916 894 974 955 quo
991 877 1058 954 ptus
1074 877 1162 952 quotl-
1212 937 1213 940 ,

164 982 221 1044 que
236 964 352 1042 spiritus
368 961 475 1036 habet,
495 961 590 1021 auditu
606 959 765 1039 pulchrius.
788 959 844 1037 Et,
861 961 939 1039 quod
954 959 1024 1020 iacit
1038 959 1163 1034 syllaba·

162 1066 241 1122 rum,
260 1045 335 1106 idem
349 1045 504 1105 verbomm
520 1059 637 1122 quoquc
652 1045 726 1103 iuter
741 1061 774 1102 se
790 1045 955 1122 copulatio,
979 1051 1010 1104 ut
1025 1041 1102 1105 aliud
1117 1043 1164 1102 alii
1212 1073 1213 1126 3

122 1132 287 1193 ltiunctum
315 1127 419 1189 melius
445 1137 538 1187 sonet.
581 1127 721 1187 Diversus
742 1135 838 1188 tamen
858 1146 937 1188 usus.
984 1125 1057 1190 Nam
1078 1125 1164 1188 rebus

162 1213 309 1274 atrocibus
330 1212 421 1273 verba
443 1213 528 1272 etiam
549 1212 615 1289 ipso
633 1211 729 1271 auditu
748 1219 854 1289 aspona
868 1211 960 1288 magis
979 1210 1163 1273 convenient.

133 1318 136 1326 ·
163 1296 193 1357 lu
209 1298 374 1356 universum
390 1295 505 1374 quidem
520 1296 627 1373 optima
641 1292 812 1372 simplicium
829 1294 1002 1368 credantur,
1025 1309 1101 1371 quac
1119 1301 1166 1352 aut

162 1380 285 1440 maxime
307 1379 469 1440 exclamant
490 1386 537 1437 aut
559 1395 633 1441 sono
654 1387 721 1438 sunt
737 1379 949 1438 iucundissima.
991 1375 1029 1439 llt
1043 1376 1166 1438 honesta

164 1461 278 1541 quidem
295 1460 425 1539 turpibus
441 1461 555 1540 potiora
570 1479 687 1540 semper
701 1477 757 1522 nec
770 1460 894 1521 sordidis
909 1477 1032 1540 unquam
1052 1461 1082 1519 in
1097 1477 1165 1521 ora·

122 1555 155 1611 18
164 1549 241 1608 tione
267 1545 378 1606 emdita
403 1544 497 1604 locus.
540 1541 626 1604 Clara
647 1543 697 1604 illa
725 1553 812 1622 atquc
836 1544 968 1606 sublimia
993 1543 1167 1622 plerumque

163 1631 302 1690 materiae
323 1629 409 1689 modo
434 1626 625 1689 discernenda
647 1636 722 1688 sunt.
767 1628 853 1701 Quod
877 1628 945 1688 alibi
970 1627 1165 1706 magnificum,
1211 1677 1213 1714 j

163 1711 298 1775 tumidum
311 1711 389 1773 alibi.
422 1711 459 1772 Et
475 1729 549 1791 quae
567 1712 683 1774 humilia
698 1713 776 1772 circa
787 1729 836 1771 res
850 1729 985 1789 magnas,
1002 1720 1071 1788 apta
1088 1713 1166 1775 circa
1212 1737 1213 1772 t

144 1813 145 1820 ¹
162 1797 289 1856 miuorcs
301 1795 443 1856 videntur.
483 1795 522 1855 Ut
537 1804 631 1856 autem
648 1798 677 1855 iu
688 1797 819 1856 orations
832 1794 919 1855 nitida
930 1787 1058 1856 notabile
1076 1795 1165 1856 humi·
1212 1798 1213 1828 r

163 1878 219 1939 lius
236 1878 355 1940 verbum
370 1889 400 1939 et
414 1878 494 1940 velut
508 1879 637 1939 macula:
659 1881 698 1940 ita
713 1896 729 1939 ι
745 1896 879 1940 sermone
894 1880 972 1938 tenui
986 1877 1109 1941 sublime
1126 1878 1166 1938 ni·
1212 1895 1213 1966 p

162 1962 308 2041 tidumque
334 1963 482 2024 discordat
501 1963 590 2040 fitque
612 1970 793 2041 cormptum,
817 1965 885 2041 quia
905 1965 934 2022 in
955 1961 1042 2041 plano
1065 1970 1165 2025 tumet.
1211 1973 1213 2042 t

122 2046 155 2101 19
165 2044 385 2117 Quaedamuon
400 2055 456 2106 tam
471 2047 584 2106 ratione
599 2063 683 2124 quam
698 2046 975 2106 sansu'iudicantur:
992 2055 1023 2106 ut
1040 2045 1124 2122 illud,
1212 2043 1213 2052 ³

370 2164 412 2176 —
427 2128 528 2190 Cassa
542 2129 707 2208 iuupcbuut
720 2130 850 2208 foedera
864 2145 978 2208 porca,

163 2213 234 2272 iecit
250 2213 371 2290 elegans
386 2213 465 2273 detio
481 2213 621 2288 nominis,
636 2213 713 2290 quod
728 2213 872 2273 siluisset
886 2232 998 2292 porco,
1016 2213 1076 2274 vile
1094 2222 1165 2275 erat.

163 2295 195 2355 lu
212 2296 380 2374 quibusdam
394 2297 466 2357 ratio
482 2295 633 2356 manifesta
649 2306 703 2356 est.
746 2295 885 2369 Risimus,
908 2306 937 2356 et
953 2295 1056 2358 merito
1073 2315 1168 2376 nuper

163 2388 295 2457 poetam,
314 2382 361 2457 qui
378 2379 489 2438 dixerat

308 2461 504 2523 Proetectum
517 2465 549 2522 ιἰι
564 2464 642 2523 cista
655 2481 759 2524 murco
772 2482 878 2526 rosere
893 2461 1022 2526 Consilii.
1060 2469 1064 2476 '

120 2543 200 2605 ιοΑι
214 2543 338 2620 Vergilii
355 2546 489 2604 miramur
504 2544 585 2622 illud,

438 2660 483 2675 —-
498 2627 601 2707 Saepe
619 2631 748 2708 antiquus
767 2649 843 2692 mcc.

160 2709 232 2770 Nam
249 2709 397 2790 epitheton
411 2713 542 2790 uniquus
556 2722 667 2792 aptum,
686 2715 834 2792 proprium
851 2715 964 2791 effecit,
980 2733 1017 2775 uc
1030 2715 1099 2793 plus
1117 2733 1167 2776 ex·
1212 2713 1213 2766 l

160 2803 362 2871 pect'aremus,
380 2803 409 2853 ct
421 2813 505 2855 casus
518 2797 672 2874 singularis
683 2800 774 2875 magis
789 2797 903 2873 decuit,
917 2807 946 2857 et
958 2799 1091 2876 clausula
1103 2803 1168 2878 ipsa
1212 2790 1213 2804 ¹

160 2879 244 2936 unius
260 2876 391 2953 syllabae
405 2894 463 2938 nou
478 2881 582 2940 usitata
599 2880 706 2940 addidit
720 2883 852 2958 gratiam.
896 2881 1024 2942 Imitatus
1046 2894 1093 2942 est
1115 2884 1167 2943 ita·

161 2975 217 3036 que
235 2968 386 3039 utrumque
402 2960 547 3038 Horatius,

408 3045 621 3122 *Nascetur
641 3048 793 3108 ridiculus
813 3067 889 3110 mas.
1212 3117 1213 3122 .

117 3123 222 3186 leec
248 3128 379 3204 augenda
400 3147 517 3208 semper
539 3133 631 3190 oratio
658 3130 710 3190 sed
736 3131 934 3192 summittenda
960 3149 1167 3212 nonnunquam
1212 3123 1213 3130 '

160 3218 215 3268 est.
252 3209 317 3270 Vim
344 3212 432 3274 rebus
459 3213 613 3291 aliquando
639 3213 794 3274 verborum
815 3217 879 3295 ipsa
901 3215 1046 3276 humilitas
1067 3217 1165 3277 affert.

158 3290 219 3367 Au,
242 3312 305 3353 cum
328 3295 397 3354 dicit
418 3297 446 3354 in
461 3295 594 3356 Pisonem
612 3295 733 3374 Cicero,
767 3293 842 3360 Cum
863 3300 917 3360 stoi
937 3307 1000 3361 toto
1023 3299 1168 3378 copulatio
1212 3321 1213 3350 ι

76 3383 79 3389 ’
156 3393 286 3438 semaco
306 3379 493 3458 addebatur,
517 3381 670 3441 incidisssc
693 3381 806 3441 videtur
824 3383 853 3440 in
873 3382 1020 3444 sordidum
1040 3399 1166 3449 nomen}

93 3533 96 3538 .
157 3473 214 3516 uon
234 3477 270 3518 eo
288 3471 481 3542 contemptum
502 3463 639 3542 hominis,
662 3481 747 3543 quem
765 3465 942 3526 destructum
954 3465 1089 3542 volebat,
1114 3481 1164 3525 au·
