2436 3956
155 165 195 228 26
481 178 517 224 ιι.
529 175 608 224 uns.
625 175 845 236 qurxmnunxs

87 335 90 350 ”
156 335 219 395 oiri
247 334 371 459 degeat,
404 333 437 394 im
470 331 579 410 quibus
609 332 712 392 omnio
737 339 807 392 suot
833 330 1006 392 homicidae
1031 338 1164 409 practer

112 436 295 565 &malzagi
309 501 422 561 interim
443 510 524 560 certa
540 498 647 572 linitio,
669 496 705 557 de
720 514 776 576 qua
791 499 867 558 inter
883 505 1163 576 utramquepartem

158 585 307 644 convenit:
333 593 363 644 ut
384 582 489 644 Cicero
516 583 601 657 dicit,
630 579 778 644 Maiestas
798 590 843 642 cst
863 582 895 641 ia
917 581 1047 660 imperio
1070 589 1165 658 atque

111 670 188 730 36io
202 670 283 729 omm'
295 669 402 746 populi
410 667 542 729 Romam
555 667 710 744 diqoitcte.
738 663 892 738 Quaeritur
905 673 1017 740 tamen,
1034 682 1078 724 cn
1096 682 1161 725 mm

39 807 43 820 ,
155 755 251 813 festas
272 754 389 812 minuta
408 753 462 826 sit,
477 759 517 809 -ut
534 751 562 808 in
584 765 671 809 causa
687 746 816 808 Cornelii
832 749 993 826 quaesitum
1012 756 1069 806 est.
1104 748 1166 809 Sed
1205 815 1206 822 ,

155 835 202 896 hic
219 837 330 895 etiamsi
346 833 444 894 similis
462 833 554 894 videri
570 840 668 911 potest
686 832 808 906 finitiva:
831 841 943 907 tamen,
963 831 1029 910 quia
1049 831 1087 891 de
1103 831 1165 891 liui-

155 922 234 978 tione
255 935 312 977 non
336 917 505 994 ambigitur,
528 915 663 975 iudicatio
686 924 731 974 est
757 915 902 992 qualitatis
927 924 1015 994 atque
1036 915 1074 974 ad
1100 933 1166 976 eum

154 1003 250 1079 potius
276 1010 380 1061 statum
406 999 588 1074 reducenda,
617 999 653 1059 ad
678 1000 759 1059 cuius
785 999 863 1058 forte
892 999 1007 1078 quidem
1032 1001 1165 1058 venimus

154 1086 346 1161 mentionem,
363 1084 416 1143 sed
432 1092 494 1143 crat
509 1083 610 1142 ordine
627 1083 775 1161 proximus
792 1082 886 1141 locus.
1058 1079 1061 1082 ’

495 1237 538 1286 os
571 1234 766 1296 calmense.

241 1338 289 1396 lV.
326 1338 379 1398 Est
394 1347 488 1398 autem
509 1337 677 1416 qualitas
699 1336 754 1396 alia
769 1334 805 1395 de
821 1351 929 1394 summo
946 1353 1059 1412 genere
1077 1347 1166 1418 atque

154 1437 190 1480 ea
209 1422 323 1499 quidem
344 1437 401 1480 non
423 1421 556 1499 simplex.
587 1419 659 1480 Nam
681 1429 709 1479 et
725 1417 818 1496 qualis
841 1419 878 1478 sit
894 1419 1034 1496 cuiusque
1053 1422 1097 1483 rei
1115 1440 1165 1482 na·

154 1514 218 1564 tura
239 1513 268 1563 et
290 1521 364 1581 quae
381 1504 487 1578 forma,
513 1505 674 1582 quaeritur:
693 1499 744 1563 Aa
763 1503 942 1564 immortalis
962 1504 1091 1564 aalma?
1116 1502 1166 1566 Aa

154 1589 290 1648 lemano
304 1591 408 1665 specie
424 1589 524 1649 deas?
547 1596 576 1646 et
594 1586 630 1646 de
645 1585 838 1663 magnitudine
855 1603 890 1644 ac
904 1602 1041 1664 numero,
1059 1585 1166 1660 Quoa-

154 1681 203 1732 tas
224 1673 292 1732 sol?
313 1680 343 1731 et
362 1668 412 1732 An
428 1690 509 1732 onas
529 1672 683 1733 mandas?
705 1669 786 1742 Quae
808 1671 901 1728 omnia
917 1670 1085 1730 coniectura
1103 1674 1165 1750 qui·
1205 1735 1206 1746 ,

156 1754 220 1813 dem
236 1755 428 1832 colliguntur,
457 1756 656 1834 quaestionem
674 1763 769 1812 tamen
789 1751 895 1812 habent
912 1753 940 1811 in
958 1769 1014 1829 eo,
1041 1755 1166 1832 qualia

125 1835 254 1906 asint?
279 1837 360 1898 llaec
389 1847 418 1897 et
447 1839 475 1897 in
502 1839 640 1898 suasoriis
663 1837 781 1896 tractari
802 1835 914 1911 solent,
936 1845 983 1912 ut,
1006 1839 1030 1896 si
1054 1835 1166 1898 Caesar

155 1921 314 1997 deliberet,
332 1940 367 1981 an
380 1921 552 1981 Britanniam
566 1923 729 1998 impugnet:
751 1935 832 1997 qaae
852 1921 892 1980 sit
907 1917 1023 1982 Oceani
1034 1930 1165 1999 natura,

154 2025 196 2066 ao
219 2003 384 2066 Britannia
411 2006 532 2078 insola,
561 2003 647 2080 (nam
674 2010 732 2061 tum
759 2002 965 2082 ignorabatur)
984 2013 1104 2081 quanta
1128 2025 1168 2067 co

155 2097 259 2164 terra,
276 2105 335 2166 quo
345 2107 470 2150 numero
481 2082 608 2149 militam
618 2087 847 2164 oqqredc'eadc,
864 2088 893 2145 in
904 2087 1056 2146 consilium
1067 2086 1167 2148 feren·

155 2173 221 2231 dum
237 2175 283 2231 sit.
317 2170 418 2231 Eidem
430 2171 560 2249 qualitati
573 2170 733 2230 succedunt
748 2169 881 2229 facienda
896 2188 930 2229 ac
943 2186 1001 2229 uon
1013 2170 1166 2240 facienda;

155 2255 336 2333 appetenda,
349 2255 479 2322 vitanda;
498 2271 573 2332 quae
588 2255 617 2312 in
632 2255 778 2314 suasorias
791 2253 906 2331 quidem
921 2255 1044 2313 maxime
1061 2257 1166 2317 cadunt

156 2329 208 2396 sed
230 2341 258 2396 iu
275 2339 484 2397 controversiis
507 2355 624 2415 quoque
645 2346 710 2396 sunt
731 2336 910 2414 frequentia,
933 2336 988 2396 hac
1002 2337 1067 2397 sola
1083 2339 1167 2400 dille·

124 2423 265 2496 3rentia,
288 2420 365 2498 quod
387 2419 449 2479 illic
473 2420 509 2480 de
532 2421 635 2480 futuris
659 2419 707 2479 lric
729 2420 766 2480 de
788 2420 872 2480 iactis
889 2421 992 2497 agitur.
1026 2420 1100 2482 ltem
1116 2423 1173 2484 ue

155 2507 361 2564 monstrativae
387 2505 477 2582 partis
503 2505 597 2564 omnia
622 2505 740 2562 suntin
765 2503 823 2562 hoo
847 2512 938 2564 statu:
965 2505 1073 2564 factum
1098 2524 1169 2566 esse

157 2596 286 2664 constat,
314 2587 399 2666 quale
427 2589 464 2647 sit
489 2588 596 2648 factum
618 2589 774 2666 quaeritur.
806 2586 853 2646 Lis
876 2595 921 2646 est
943 2589 1034 2648 omnis
1057 2599 1107 2649 aut
1132 2589 1169 2650 de

156 2673 285 2750 praemio
302 2681 350 2732 aut
366 2671 402 2731 de
418 2687 513 2750 poena
529 2681 577 2731 aut
592 2671 628 2732 de
644 2673 812 2749 quantitate.
842 2669 933 2748 lgitur
947 2690 1040 2749 genus
1058 2691 1170 2735 causae
1205 2703 1206 2718 ι

153 2765 203 2815 aut
219 2755 344 2833 simplex
359 2764 407 2814 aut
420 2757 652 2834 comparativum.
684 2753 764 2830 lllfc,
779 2754 845 2832 quid
860 2771 1000 2832 aequum,
1016 2756 1081 2833 hio,
1099 2754 1172 2836 quid
1205 2791 1206 2834 3

154 2839 276 2917 aequius
292 2847 341 2898 aut
361 2838 429 2916 quid
445 2839 649 2917 aequissimum
665 2839 720 2913 sit,
737 2839 891 2898 excutitur.

240 2919 310 2980 Gum
325 2922 362 2981 de
385 2939 429 3001 po
439 2940 502 2982 ena
519 2923 653 2982 iudicium
669 2929 729 2982 est:
752 2939 769 2981 a
784 2929 867 3000 parte
883 2923 966 2998 eius,
984 2925 1033 3002 qui
1049 2941 1171 2985 causam

1204 2727 1206 2780 l

107 3005 110 3013 '
155 3005 241 3080 dicit,
264 3013 313 3064 aut
328 3004 461 3065 defensio
478 3015 524 3064 est
539 3006 664 3064 criminis
683 3013 730 3064 aut
748 3005 923 3065 dimminutio
939 3014 988 3066 aut
1012 3008 1169 3068 excusatio

94 3085 96 3088 ’
156 3097 220 3163 aut,
240 3097 271 3147 ut
286 3089 400 3166 quidam
414 3097 532 3167 putant,
551 3088 730 3166 deprecatio.

126 3180 143 3232 t
237 3171 424 3232 Defensio
448 3173 537 3248 longe
559 3173 759 3249 potentissima
780 3181 841 3249 est,
863 3190 920 3251 qua
935 3175 1029 3253 ipsum
1046 3174 1170 3249 iactum,

156 3255 234 3333 quod
249 3254 400 3331 obiicitur,
423 3255 541 3315 dicimus
558 3255 710 3315 honestum
726 3273 803 3316 esse.
841 3252 1018 3319 Abdicatus
1038 3259 1169 3335 attquts,

155 3341 238 3415 qaod
250 3340 344 3400 incito
352 3347 443 3417 patre
453 3339 605 3414 militarit,
622 3338 751 3401 honores
762 3341 899 3418 petierit,
921 3359 1050 3404 acorem
1065 3343 1170 3403 daec·

154 3423 212 3481 rit:
237 3431 364 3499 tuemur,
387 3423 465 3502 quod
485 3423 617 3483 fecimus.
653 3421 766 3482 Partem
785 3423 859 3484 lanc
878 3433 986 3484 vocant
1001 3423 1168 3502 Hermago-
