2494 3952
13 2203 16 2300 l

334 229 422 276 ruer.
437 225 770 294 ouuron.u1n.1rt‚3.
860 241 863 246 ·
994 217 1050 280 121

52 386 189 446 transitus
209 383 244 443 ud
260 383 374 443 diversa
392 391 423 441 ut
437 383 553 444 similia:
577 417 618 431 -·
638 381 749 447 Brevis
766 402 833 446 esse
850 384 974 462 laboro,
992 385 1051 448 Ob-

50 487 165 531 seurus
178 467 229 545 fur,
246 475 275 526 et
290 483 364 544 quae
381 476 547 546 sequuntur.

138 551 265 611 Tertium
281 558 326 609 est
340 568 432 627 genus
448 551 618 628 ligururum,
647 552 723 630 quod
740 561 788 611 aut
803 552 987 613 similitudine
1003 553 1096 622 oli-66

51 654 109 714 qua
130 652 234 695 vocum
255 643 302 694 aut
325 634 442 712 paribus
468 643 515 695 aut
537 637 689 696 contrariis
711 637 853 695 conuertit
874 637 903 696 iu
917 654 950 695 se
966 645 1052 697 aures
1086 687 1092 697 .

51 730 81 781 ct
97 722 216 780 excitat.
247 717 319 778 llinc
332 727 377 777 est
390 718 609 796 παρονομασία,
628 736 703 798 quae
719 719 822 780 dicitur
842 722 982 779 annomi
993 739 1052 781 ua·

50 805 114 864 tio.
151 802 194 863 Ea
224 819 281 863 uon
304 819 360 862 uuo
382 803 468 862 modo
498 803 561 863 lieri
581 803 657 863 solet
676 803 729 863 sed
749 821 787 862 ex
807 804 911 864 vicinia
932 803 1053 882 quadam

50 888 193 966 praedicti
208 887 329 945 nominis
349 886 434 946 ducto
456 887 571 948 casibus
588 887 762 947 declinatur:
778 895 808 946 ut
823 886 965 947 Domitius
981 887 1054 948 ulier

50 989 105 1051 pro
126 970 284 1045 Domitilla‚
303 967 414 1031 Mulier
427 972 558 1033 omnium
572 989 678 1032 rerum
698 972 856 1050 imperito,
871 973 904 1032 ia
917 973 1055 1033 ommbcs

49 1058 146 1119 rebus
160 1054 276 1133 causella:
316 1053 352 1114 Et
368 1072 431 1114 cum
446 1054 537 1114 verbo
553 1055 627 1115 idem
644 1054 762 1115 verbum
778 1055 843 1133 plus
859 1055 1097 1132 significantem?

50 1140 249 1216 subiungitur:
273 1136 404 1210 Quando
425 1138 742 1214 heracleotanam
780 1137 891 1213 Quibus
913 1139 1053 1217 exemplis

49 1241 114 1282 sum
130 1223 159 1281 iu
175 1221 251 1281 aliud
263 1239 346 1296 usus,
362 1221 440 1281 sed
432 1240 460 1281 m
477 1238 533 1280 uuo
550 1222 643 1282 facilis
659 1231 704 1283 est
723 1223 887 1321 geminatio.
918 1224 1052 1300 Παραυα-

49 1307 144 1389 pactu
162 1307 188 1365 ei
204 1306 376 1364 contrarium
397 1314 458 1381 est,
475 1305 552 1384 quod
568 1307 672 1366 eodem
686 1306 778 1370 verbo
795 1307 877 1386 quusi
891 1305 993 1366 salsum
1009 1324 1053 1366 ar-

49 1392 163 1467 guitur:
186 1387 273 1461 Quae
294 1390 345 1449 lec
362 1392 495 1487 privatis
516 1391 685 1452 dominibus
700 1409 768 1452 esse
783 1391 834 1452 lec
849 1409 909 1452 eoa
925 1390 1056 1451 oldebe-

49 1485 113 1534 ίαν.
145 1470 198 1532 Cui
215 1471 335 1532 confinis
353 1483 397 1532 est
415 1463 644 1550 ἆντανάαλασις,
667 1475 795 1535 eiusdem
812 1473 894 1534 verbi
909 1477 1099 1538 contrariete

50 1557 236 1634 significatio.
273 1553 343 1617 Cum
367 1556 536 1618 Proculeius
560 1567 731 1637 quereretur
758 1558 795 1618 de
821 1557 898 1633 lulio,
930 1557 1036 1636 quod'
1028 1576 1052 1616 rs

51 1650 173 1700 mortem
195 1657 275 1700 suem
292 1649 486 1720 expectaret,
509 1650 538 1701 et
560 1642 610 1703 ille
631 1642 768 1716 dixisset,
789 1660 911 1702 secero
927 1661 986 1703 noa
1002 1659 1054 1702 ecc·

52 1733 197 1803 pectore:
220 1722 329 1800 immo,
347 1726 453 1802 iuquit,
470 1744 544 1804 rope
559 1733 711 1804 expectes.
748 1723 812 1784 Nou
829 1743 865 1784 ex
884 1724 986 1785 eodem
1002 1725 1054 1784 sed

53 1827 92 1868 ex
107 1808 222 1868 diverso
241 1808 365 1867 vicinum
380 1809 535 1887 accipitur,
556 1827 620 1868 cum
640 1809 789 1887 supplicio
811 1807 992 1868 afficiendum
1013 1808 1053 1868 di·

52 1909 119 1965 cas,
144 1909 230 1970 quem
251 1893 472 1970 supplicatione
492 1893 606 1970 dignum
629 1893 773 1952 iudicaris.
824 1890 918 1950 Aliter
939 1900 1098 1969 quoquest)

49 1992 142 2034 voces
159 1984 208 2034 aut
225 1975 344 2035 eaedem
362 1975 477 2036 diverse
495 1977 522 2034 iu
540 1974 749 2052 significatione
766 1983 909 2053 ponuntur
923 1983 972 2034 aut
986 1992 1052 2053 pro·

49 2059 189 2118 ductione
203 2067 309 2118 tautum
325 2059 371 2119 uel
390 2061 575 2137 correptione
591 2068 728 2127 mutatae;
745 2057 822 2137 quod
838 2059 943 2118 etium¹
934 2077 963 2118 rn
979 2060 1053 2117 iocis

47 2143 187 2220 frigidum
216 2141 348 2219 equidem
376 2143 449 2203 tradi
477 2145 552 2203 iuter
579 2152 738 2222 praecepta
765 2144 868 2217 miror,
895 2159 1053 2220 eorumque

49 2226 189 2305 exemplu
210 2226 316 2285 uitandi
339 2229 434 2305 potius
457 2245 540 2306 quam
564 2226 689 2287 imitandi
709 2227 802 2305 gratis
818 2243 917 2324 pono:
946 2223 1097 2286 Amantio

13 2307 221 2373 iucundum
236 2317 292 2386 est,
306 2312 334 2371 si
351 2316 485 2387 curetur,
501 2331 539 2373 ue
550 2313 633 2391 quid
629 2312 708 2372 u'usr't
722 2312 832 2373 amari.
861 2307 970 2370 Acium
985 2311 1053 2370 dul-

13 2459 14 2462 ,
49 2396 131 2458 cedo
148 2394 228 2455 od
205 2395 307 2456 coium
322 2397 423 2464 ducit:
440 2404 469 2454 et
484 2395 558 2474 apud
574 2393 704 2455 Ovidium
720 2393 884 2456 ludentem:

13 2499 15 2564 l

228 2475 292 2538 Cur
305 2496 361 2559 epo
374 2498 434 2539 ooo
450 2481 562 2555 dicum,
579 2477 685 2555 Fumo,
699 2486 729 2540 te
742 2479 880 2557 furiem?

13 2567 15 2580 '
49 2560 229 2623 Cornificius
254 2561 329 2622 hanc
350 2563 620 2623 traductionem
645 2570 746 2638 vocat,
773 2561 912 2621 videlicet
934 2561 1094 2621 ulteriusit

49 2645 221 2706 intellectus
237 2645 273 2706 ad
290 2644 421 2706 alterum.
454 2646 512 2706 Sed
527 2646 705 2724 elegantius,
727 2644 804 2723 quod
826 2655 871 2705 est
889 2645 1012 2722 positum
1028 2645 1055 2703 iu

48 2728 256 2806 distinguenda
269 2729 311 2789 rei
324 2730 517 2808 proprietate:
532 2729 621 2791 Hauc
636 2729 834 2808 reipublicae
846 2737 960 2806 pestem
975 2745 1055 2804 puu-

48 2816 151 2892 lisper
166 2815 304 2890 repuens,
319 2833 378 2874 uon
393 2815 423 2874 te
437 2823 617 2893 perpetuom
627 2814 785 2891 comprimi
797 2830 899 2889 posse.
932 2809 969 2870 Et
982 2829 1057 2888 quae

49 2895 321 2976 praepositionibus
343 2899 370 2956 iu
393 2899 566 2958 contrarium
587 2905 746 2956 mutantur:
781 2894 847 2958 Nom
869 2897 996 2957 emissus
1017 2913 1060 2956 ee

49 2983 132 3044 urbe
149 2981 207 3040 sed
220 2981 371 3042 immaturus
392 2982 424 3041 c'o
450 2983 555 3043 orbem
570 3001 637 3044 esse
651 2981 803 3043 uideatur.
843 2978 946 3040 llelius
968 2987 1057 3058 atque

49 3064 162 3137 acrius,
180 3064 257 3142 quod
274 3083 337 3124 cum
353 3065 443 3141 figura
460 3065 611 3125 iucundum
626 3073 671 3124 est
686 3073 744 3125 tum
761 3065 846 3124 etiam
859 3082 945 3123 seusu
960 3063 1055 3123 ualet:

50 3147 136 3208 Ensit
151 3155 247 3208 emate
260 3149 521 3210 immortalitatem,
547 3147 601 3210 llla
617 3149 743 3209 leviora:
762 3145 827 3210 Nou
845 3145 987 3209 Pisonum
1002 3146 1101 3209 redit

47 3235 206 3311 pistorum
229 3237 264 3290 et·
278 3229 329 3291 Ee
350 3241 472 3294 oratore
492 3241 607 3294 erutor.
647 3232 805 3292 Pessimum
824 3248 912 3290 uero:
935 3227 981 3290 Ne
995 3247 1054 3307 pu-

47 3324 117 3378 tres
136 3317 303 3392 conscripti
320 3317 484 3377 videantur
510 3318 755 3394 dreeumcn'pti;
779 3314 864 3376 Raro
883 3316 979 3375 everrit
1001 3314 1056 3372 sed

48 3399 248 3462 vehementer
262 3401 352 3461 necuit.
380 3401 429 3460 Sic
446 3400 595 3477 contingit,
611 3408 642 3460 ut
657 3399 760 3477 aliquis
780 3415 883 3458 sensus
898 3397 1057 3457 uehemens

49 3492 82 3545 et
101 3500 175 3543 acer
189 3491 368 3543 venustatem
384 3483 523 3564 aliquam,
548 3500 605 3544 uon
628 3483 731 3546 eodem
751 3501 789 3544 ex
801 3481 910 3558 verbo,
927 3497 984 3542 noo
1000 3481 1056 3541 dis·
