2470 3962
359 259 792 335 1usr.0unnon.u1s.x1,e.
1005 252 1067 312 217

61 415 142 475 dieii
155 430 234 475 uooo
250 413 350 492 {ormo
364 421 458 475 terret
471 415 583 478 oeulos.
613 413 667 475 Illa
681 432 754 475 vero
769 416 823 476 iam
839 434 932 496 paene
948 421 1069 495 opertis,

61 507 93 556 ut
109 499 198 573 aiunt,
214 496 308 557 tibiise
325 495 385 570 Qut
390 540 399 573 ‚
421 513 601 577 quoeunque
614 498 806 576 inciderunt,
822 502 1069 562 consuetudinem

8 657 10 660 Ι
59 581 125 660 fori
149 585 178 642 et
200 581 362 657 pristinum
383 599 496 641 morem
516 582 701 644 iudiciorum
722 584 892 662 requirunt.
931 582 1002 643 Nem
1023 603 1068 646 se·

61 680 156 742 quens
171 662 258 723 lotum
274 665 359 722 etiem
377 672 463 744 utque
483 663 575 724 iusum
591 674 652 724 est:
674 662 740 725 Non
763 667 842 728 onim
864 686 979 728 corono
994 687 1068 729 ¹eou-

59 766 167 809 sessus
185 757 286 808 vester
305 749 422 808 elnotus
441 757 501 823 est,
524 757 557 808 ot
576 749 702 809 solebat.
732 749 816 822 Quod
837 752 950 829 notavi,
971 759 1001 810 ut
1018 755 1107 829 erp-5}

59 838 196 909 pareret,
220 847 277 890 nou
291 831 384 890 solum
396 831 430 892 in
443 830 578 890 membris
595 848 701 891 ouusee
720 832 772 893 sed
791 834 876 893 etiem
893 835 920 892 in
936 835 1066 894 articulis

61 931 131 974 esse
149 913 274 991 aliquam
295 914 494 990 pronuntiandi
515 916 700 992 varietatem,
724 917 786 976 sine
807 934 863 994 qua
884 916 952 977 nihil
970 934 1068 994 neque

60 999 151 1057 maius
168 1015 262 1075 neque
277 1000 368 1056 minus
384 1006 438 1057 est.
1015 1003 1017 1008 '

145 1081 212 1139 Vox
228 1089 323 1140 autem
339 1081 413 1140 ultra
428 1082 505 1139 vires
521 1082 649 1158 urgenda
664 1098 722 1140 non
737 1091 792 1141 est.
818 1081 889 1142 Nem
904 1091 933 1141 et
944 1083 1068 1142 sullooe·

61 1174 109 1224 tur
124 1182 216 1242 saepe
237 1174 265 1223 et
281 1165 389 1223 maiore
404 1165 467 1223 nisu
488 1167 577 1223 minus
600 1164 678 1224 clara
700 1173 745 1224 est
763 1174 792 1224 et
815 1166 927 1225 interim
946 1165 1016 1225 elisa
1041 1168 1068 1224 in

60 1247 141 1307 illum
158 1265 258 1306 sonum
274 1249 414 1324 erumpit,
432 1249 477 1307 eui
490 1247 592 1308 Greeoi
608 1265 712 1308 nomen
729 1265 744 1306 e
761 1247 905 1324 gallorum
920 1250 1068 1309 immaturo

63 1340 148 1390 eentu
171 1331 322 1390 dederunt.
357 1329 421 1390 Neo
442 1331 623 1390 volubilitate
647 1333 730 1392 nimiu
750 1331 968 1406 contundenda,
994 1341 1112 1408 questu

61 1415 197 1478 dicimus:
220 1423 326 1492 quaet
349 1414 492 1474 distinctio
516 1416 592 1492 perit
613 1415 794 1490 studemus,
819 1424 848 1474 et
869 1433 1068 1495 nonnunquam

62 1500 147 1556 etiam
164 1497 253 1556 verba
272 1498 369 1574 'eliqua
388 1500 432 1556 sui
449 1507 531 1575 parte
550 1498 723 1558 fraudantur.
755 1495 807 1556 cu
829 1500 1003 1559 eontrarium
1024 1508 1068 1557 est

61 1581 277 1640 vitium'nimiee
293 1581 448 1644 tarditatis:
473 1599 536 1641 uem
554 1590 582 1641 et
598 1577 796 1642 difficultatem
818 1581 980 1642 inveniendi
995 1581 1067 1641 iate·

61 1673 108 1724 tur
124 1666 291 1742 etsegnitiu
308 1663 397 1723 solvit
411 1665 521 1723 animos
537 1673 582 1738 et,
604 1666 632 1723 in
650 1683 707 1744 quo
724 1673 770 1724 est
786 1664 910 1744 aliquid,
931 1665 1067 1742 tempori·

62 1748 117 1807 bus
130 1749 285 1824 praefinitis
302 1765 403 1825 aquom
415 1746 518 1825 perdit.
545 1747 708 1826 Promptum
720 1749 756 1806 sit
772 1764 817 1822 os,
835 1766 893 1808 non
908 1765 1066 1826 prueeeps;

62 1831 250 1906 moderatum,
268 1848 325 1890 non
337 1831 453 1890 lentum.
481 1831 604 1908 Spiritus
616 1847 732 1908 quoque
745 1848 799 1890 neo
811 1830 915 1890 erebro
932 1839 1068 1909 receptus
1076 1839 1114 1893 53

64 1915 197 1974 concidat
218 1916 405 1989 sententiam,
430 1931 484 1973 nee
503 1929 539 1972 eo
557 1912 808 1991 monstrabatur,
832 1914 926 1974 donee
941 1914 1066 1973 dedeiut.

62 1997 134 2057 Nam
154 2007 182 2056 et
201 1997 338 2057 deformis
361 2006 406 2056 est
424 1998 585 2075 consumpti
602 1997 678 2057 illius
694 2013 782 2056 sonus
800 2005 830 2056 et
844 1999 998 2076 respiratio
1015 1994 1067 2054 sub

63 2099 138 2159 equa
153 2081 200 2139 diu
216 2082 310 2158 pressi
326 2080 426 2139 similis
440 2090 469 2139 et
484 2089 620 2158 reueptus
632 2080 749 2157 longior
764 2089 861 2140 utnon
876 2090 1066 2159 opportunus,

62 2173 92 2223 ut
115 2165 162 2242 qui
185 2163 249 2238 det,
271 2180 329 2222 non
350 2162 399 2222 ubi
420 2163 569 2237 volumus,
594 2163 646 2224 sed
666 2162 714 2223 ubi
739 2181 863 2223 neeesse
884 2173 939 2224 est.
971 2163 1067 2235 Quare

61 2247 226 2324 longiorem
242 2247 359 2306 dicturis
377 2247 528 2324 periodum
544 2246 726 2324 colligendus
748 2255 794 2306 est
808 2248 941 2326 spiritus,
967 2249 1004 2304 ite
1027 2253 1067 2304 tn·

63 2347 139 2405 men,
156 2339 186 2388 ut
198 2329 226 2390 id
237 2346 331 2409 neque
343 2330 391 2390 diu
402 2347 497 2408 neque
510 2347 577 2390 ,oum
593 2346 666 2389 sono
677 2329 829 2406 iaciamus,
846 2348 941 2408 neque
954 2329 1067 2387 omnino

8 2481 10 2486 .
63 2423 94 2472 ut
114 2412 295 2472 menifestum
317 2414 369 2481 sit;
397 2413 517 2490 reliquis
540 2413 668 2492 partibus
695 2415 802 2492 optime
828 2415 902 2473 inter
923 2415 1068 2473 iuncturas

63 2498 206 2557 sermonis
229 2495 424 2557 revocabitur.
458 2495 646 2558 llxereendus
669 2507 764 2558 autem
787 2506 848 2572 est,
876 2506 907 2557 ut
928 2498 965 2555 sit
985 2497 1114 2574 quamsit

8 2577 9 2582 ’
63 2580 264 2658 longissimum
287 2579 364 2658 quod
380 2579 593 2660 lkmostbenes
609 2589 638 2639 ut
653 2581 803 2656 efficeret,
820 2579 962 2640 seandeus
977 2581 1005 2637 in
1021 2578 1068 2636 nd-

61 2681 179 2723 versum
196 2662 378 2724 eontinuubat
390 2680 475 2742 quum
488 2671 590 2742 posset
605 2662 744 2740 plurimos
761 2681 874 2724 versus.
905 2660 995 2734 Idem,
1012 2676 1069 2736 quo

63 2746 178 2808 ioeilius
189 2745 283 2806 'verba
301 2762 353 2806 ore
369 2745 463 2806 libero
483 2747 668 2824 exprimeret,
685 2745 815 2805 ealeulos
832 2746 930 2822 lingua
946 2743 1069 2803 volvens

64 2830 163 2890 dioere
176 2828 252 2889 domi
268 2828 392 2889 solebat.
420 2827 474 2890 Est
489 2830 601 2889 interim
614 2838 643 2888 et
655 2828 761 2905 longus
774 2838 803 2889 et
815 2829 919 2906 plenus
934 2837 963 2887 et
975 2827 1113 2888 clorus55

63 2914 134 2974 setis
149 2913 283 2990 spiritus,
300 2921 466 2972 nontamen
482 2914 579 2973 lirmae
595 2913 761 2972 intentionis
775 2911 902 2992 ideoque
918 2909 1069 2985 tremulus,

63 3005 94 3056 ut
117 3012 262 3072 corpore,
286 3013 361 3074 quse
378 3005 499 3072 aspectu
519 2998 632 3073 integro
649 2997 747 3056 nervis
763 3013 863 3074 purum
883 2997 1068 3055 sustinentur.

63 3078 94 3140 Id
115 3074 246 3159 βράγχον
268 3078 371 3139 Graeci
394 3087 509 3138 vocant.
547 3080 619 3140 Sunt
639 3080 687 3156 qui
708 3079 838 3158 spiritum
861 3097 924 3138 eum
945 3076 1070 3137 stridore

64 3180 118 3241 per
133 3163 280 3222 raritatem
296 3162 420 3222 dentium
436 3179 493 3221 non
508 3162 651 3240 recipiunt
671 3162 724 3222 sed
740 3161 902 3221 resorbent.
935 3161 1006 3220 Sunt
1022 3157 1070 3235 qui

8 3305 9 3310 ,
64 3245 173 3305 erebro
195 3244 321 3306 anhelitu
344 3254 374 3304 et
395 3247 547 3305 introrsum
572 3244 655 3306 etium
679 3245 758 3306 olore
781 3253 901 3304 sonante
927 3244 1071 3302 imitentur

8 3345 9 3352 ¹
64 3330 190 3388 iumento
214 3345 304 3389 onere
328 3337 358 3389 et
379 3330 446 3406 iugo
467 3328 637 3388 laborantia.
675 3327 759 3402 Quod
781 3327 918 3388 ellectunt
943 3329 1114 3406 quoque,56

61 3421 198 3490 tanquam
216 3413 388 3472 inventionis
404 3413 488 3491 eopis
506 3421 677 3489 urgeantur,
698 3411 847 3490 maiorque
863 3411 908 3469 vis
930 3409 1068 3487 eloquen-

8 3543 11 3560 .
63 3497 122 3555 tiae
142 3496 265 3572 ingruat,
283 3513 365 3574 quam
382 3513 456 3576 quae
472 3496 560 3556 emitti
576 3495 707 3556 tenuibus
723 3495 824 3575 possit.
855 3491 908 3554 Est
925 3492 988 3555 eliis
1001 3508 1070 3550 onn-
