2508 3958
181 149 202 212 2
497 145 890 222 n.unn.omun1n1nn1'

179 314 284 395 Neque
299 315 403 376 inlitias
420 332 474 390 eo,
497 315 637 393 quaedam
655 332 739 388 esse,
762 330 837 392 quae
853 313 1044 374 demonstrari
1060 317 1194 393 possint,

181 417 274 477 eaque
289 415 346 458 non
361 399 498 458 omittam.

182 535 185 542 .
264 480 286 541 1.
322 482 366 541 Sit
386 482 491 558 igitur,
511 490 542 541 ut
557 497 645 558 supra
660 481 831 557 significavi,
854 479 992 540 divisio
1009 498 1108 539 rerum
1125 481 1196 559 plu-

180 567 253 626 rium
267 565 296 625 in
318 565 464 642 singulas,
487 566 645 642 partitio
668 564 844 640 singularum
864 565 893 622 in
913 572 1013 640 partes
1033 563 1197 640 discretio,

181 647 273 708 ordo
300 658 382 709 recta
405 647 546 726 quaedam
574 646 731 707 collocatio
753 646 899 726 prioribus
925 648 1078 722 sequentia
1102 665 1196 708 anne·

182 741 280 807 otene,
305 732 512 810 dispositio
533 730 611 790 utilis
632 747 728 789 rerum
750 748 784 790 ac
805 731 928 808 partium
943 731 971 788 in
987 729 1073 788 locos
1092 729 1194 791 distri·
1230 769 1231 776 ι

151 815 269 878 ιιιιιιίο.
309 815 369 875 Sed
390 815 617 897 meminerimus,
649 815 741 891 ipsam
767 813 987 892 dispositionem
1012 811 1196 892 plerumque

181 899 304 958 utilitate
320 901 438 974 mutari,
457 916 513 958 nec
529 897 649 956 eandem
664 914 781 977 semper
796 899 915 977 primam
931 897 1139 975 quaestionem
1157 917 1195 958 ex

181 991 304 1059 utraque
323 991 407 1059 parte
428 981 614 1041 tractandam.
662 978 749 1040 Cuius
774 981 834 1056 rei,
864 989 895 1038 ut
926 988 1027 1039 cetera
1050 982 1195 1060 exempla
1231 1041 1232 1066 ,

180 1074 378 1144 praeteream,
400 1064 614 1124 Demosthenes
637 1079 755 1142 quoque
775 1072 862 1141 atque
883 1062 1047 1121 Aeschines
1064 1074 1196 1141 possunt
1231 1080 1232 1138 ᾖ

181 1165 249 1208 esse
270 1149 459 1223 documento,
484 1149 513 1206 in
528 1147 634 1206 iudicio
655 1145 854 1225 Ctesiphontis
868 1145 1014 1206 diversum
1029 1150 1131 1207 secuti
1147 1165 1195 1207 or·
1231 1153 1232 1186 r

181 1232 286 1308 dinem,
304 1250 368 1291 cum
384 1239 538 1292 accusator
554 1248 570 1291 a
585 1232 663 1306 iure,
681 1247 739 1310 qno
756 1229 909 1291 videbatur
928 1231 1094 1307 potentior,
1123 1249 1194 1290 coe

105 1345 109 1360 ·
180 1314 272 1394 perit,
293 1324 431 1392 patronus
454 1314 547 1373 omnia
568 1331 662 1392 paene
677 1323 743 1374 ante
759 1315 802 1373 ius
818 1313 966 1391 posuerit,
989 1311 1095 1391 quibus
1119 1315 1192 1376 iudi·

117 1407 169 1462 --3
182 1415 246 1457 cem
267 1398 430 1474 quaestioni
451 1397 548 1473 legum
565 1406 762 1474 praepararet.
800 1396 887 1456 Aliud
910 1397 984 1452 enim
1005 1395 1054 1453 alli
1074 1395 1192 1474 docere

179 1481 259 1558 prius
286 1480 421 1557 expedit,
451 1479 559 1554 alioqui
580 1495 699 1555 semper
724 1478 857 1555 petitoris
879 1476 997 1536 arbitrio
1020 1477 1189 1546 diceretur.-

180 1561 304 1639 denique
330 1563 359 1620 in
386 1563 573 1620 accusatione
598 1569 710 1637 mutua,
735 1579 797 1621 cum
824 1578 858 1619 se
885 1568 1008 1638 uterque
1033 1559 1190 1637 defendat,

179 1647 345 1723 priusquam
368 1644 563 1704 adversarium
585 1655 704 1721 arguat,
726 1645 850 1704 omnium
871 1661 967 1702 rerum
989 1661 1120 1704 necesse
1148 1655 1198 1706 est⁴

88 1785 95 1792 ,
180 1727 311 1788 ordinem
327 1745 395 1787 esse
415 1727 571 1788 diversum.
605 1725 707 1805 Igitur,
724 1728 792 1806 quld
810 1729 874 1806 ipse
888 1729 942 1786 sim
957 1735 1087 1802 secuntus,
1108 1731 1191 1807 quod

179 1814 282 1890 partim
309 1813 476 1890 praeceptis
502 1812 605 1889 partim
635 1820 801 1890 usurpatum
829 1811 942 1870 ratione
972 1826 1191 1888 cognoueram,

180 1912 308 1973 promam
323 1913 379 1954 nec
393 1912 518 1972 unquam
530 1892 717 1953 dissimulavi

151 1986 170 2039 4
266 1975 336 2036 Erat
350 1975 417 2036 milri
433 1994 519 2037 curae
534 1977 562 2034 in
579 1975 786 2035 controversiis
799 1974 965 2034 forensibus
976 1992 1065 2033 nosse
1077 1981 1193 2054 omnia,

181 2078 256 2138 quae
280 2061 308 2118 in
335 2076 429 2120 causa
453 2068 649 2118 versarentur.
692 2057 795 2118 Nam
786 2077 815 2117 ιιι
838 2057 941 2118 schola
962 2066 1042 2116 certa
1066 2069 1139 2118 sunt
1164 2071 1194 2120 et

181 2161 275 2221 pauca
290 2152 319 2203 et
330 2152 396 2202 ante
407 2142 648 2203 declamationem
660 2151 853 2241 exponuntur,
866 2157 940 2219 qnae
952 2137 1068 2216 θέματα
1079 2139 1194 2204 Graeci

180 2235 296 2302 vocant,
311 2225 415 2287 Cicero
429 2228 598 2305 proposito.
637 2222 707 2285 Cum
728 2225 829 2285 haec
821 2244 848 2284 ιιι
867 2231 1027 2302 conspectu
1046 2226 1193 2302 quodam·

180 2309 268 2370 modo
284 2309 515 2384 collocaveram,
539 2325 597 2368 non
612 2311 703 2369 minus
719 2325 773 2388 pro
789 2309 912 2369 adversa
929 2316 1012 2384 parte
1030 2325 1118 2385 quam
1135 2328 1193 2388 pro

153 2404 244 2454 tamea
267 2391 440 2468 cogitabam.
481 2391 519 2450 Et
546 2393 666 2470 primum
694 2391 795 2471 (qnod
817 2409 875 2452 non
895 2390 1014 2451 diidcile
1036 2391 1116 2450 dictu
1144 2405 1194 2452 est

180 2474 233 2534 scd
253 2483 348 2534 tamen
363 2483 429 2534 ante
446 2476 539 2534 omnia
557 2475 743 2555 intuendum)
770 2473 995 2550 constituebam,
1018 2475 1087 2553 quid
1111 2485 1193 2537 utra·

181 2576 238 2637 qoe
249 2570 317 2636 pars
331 2557 422 2618 vellet
440 2557 577 2635 ellioere,
601 2568 659 2617 tum
679 2577 734 2637 per
758 2559 842 2637 quid,
864 2558 921 2618 boc
935 2557 1032 2618 modo.
1067 2555 1194 2635 Cogita·

1233 1995 1235 2048 l

181 2643 257 2718 bam,
273 2641 340 2720 quid
352 2643 472 2720 primum
487 2643 597 2720 petitor
611 2641 733 2702 diceret.
766 2642 798 2702 ld
810 2650 859 2702 aut
874 2642 1042 2702 confessum
1057 2650 1123 2700 erat
1140 2653 1195 2704 aut
1234 2679 1235 2690 ι

143 2734 170 2789 ,6
182 2735 411 2786 controversum.
448 2727 478 2786 Si
495 2726 675 2786 confessum:
698 2742 754 2785 non
769 2735 885 2804 poterat
900 2724 938 2784 ibi
955 2743 1022 2784 esse
1039 2727 1235 2804 quaestio

181 2807 348 2869 Transibam
364 2826 435 2886 ergo
453 2809 488 2869 ad
506 2826 676 2888 responsum
693 2810 782 2887 partis
798 2808 928 2884 alterius,
944 2807 1019 2868 idem
1035 2808 1192 2879 intuebar·,

170 2909 380 2989 nonnunquam
396 2893 499 2968 etiam,
524 2892 602 2972 quod
617 2893 683 2952 inde
705 2891 904 2967 obtinebatur,
927 2892 1095 2952 confessum
1111 2902 1191 2953 erat

181 2973 236 3036 Ubi
253 2976 372 3053 primum
388 2985 529 3053 coeperat
544 2992 601 3034 non
617 2977 792 3053 convenire:
813 2976 945 3054 quaestio
962 2974 1123 3036 oriebatur.
1154 2974 1192 3036 ld

181 3057 239 3118 talc
260 3067 321 3118 est:
348 3055 498 3119 Occidisti
516 3058 683 3130 bominem
713 3057 832 3120 Occidi.
874 3057 1031 3126 Convenit:
1054 3067 1190 3119 transeo.

149 3141 331 3207 'illationem
346 3141 470 3201 reddere
488 3139 576 3202 debet
592 3161 676 3217 reus,
699 3159 788 3222 quare
808 3139 957 3208 occiderit.
990 3140 1190 3219 Adulterum,

100 3230 106 3234 ”
180 3225 288 3303 inquit,
312 3243 380 3285 mem
402 3226 547 3287 adultero
567 3227 711 3288 occidere
732 3225 812 3290 licet.
850 3225 958 3303 Legem
979 3244 1047 3285 esse
1072 3235 1189 3288 certum

182 3316 237 3368 est.
277 3307 404 3368 'lentium
427 3309 481 3367 iam
501 3307 608 3386 aliquid
628 3305 780 3369 videndum
796 3318 857 3386 est,
880 3311 908 3369 in
924 3326 981 3386 quo
997 3326 1094 3387 pugna
1112 3325 1185 3370 con·

180 3392 273 3451 sistat.
309 3389 377 3454 Non
389 3390 515 3470 fuerunt
532 3393 684 3463 adulterir
701 3390 852 3469 Fuerant,
870 3394 1018 3472 quaestio;
1043 3391 1080 3452 de
1102 3391 1187 3454 lacto

1233 2773 1235 2820 l
