2494 3952
366 221 454 272 rrtsn.
474 221 623 271 nasson.
637 223 705 272 nra.
718 223 752 288 x,
771 221 794 273 ι.
1026 214 1083 276 its

86 374 242 437 Aristarchi
265 374 370 436 iudicio
392 374 583 453 scriptoribus
605 375 803 436 iamborum
824 376 859 437 ad
883 374 943 452 ἴξιν
962 376 1085 442 maxime

86 458 236 538 pertinebit
251 477 323 518 unus
343 458 607 519 Archilochus.
641 460 755 520 Summa
771 461 799 518 in
813 459 870 519 hoc
885 461 929 519 vis
941 460 1083 524 elocutio·
1094 475 1129 531 so

85 545 136 619 nis,
160 561 224 602 curn
239 542 353 603 validae
375 551 431 601 tum
447 541 553 602 breves
568 541 774 622 uibrantesque
792 545 969 620 sententiae,
995 544 1083 624 pluri·

84 644 154 686 mum
169 626 314 704 sanguinis
333 636 418 703 atque
436 642 600 698 nervorum,
618 624 691 686 adeo
709 636 740 686 ut
755 627 886 686 videatur
902 628 1080 710 quibusdam,

85 710 157 788 quod
179 725 322 787 quoquam
339 711 431 769 minor
446 719 512 784 est,
535 711 673 770 materiae
693 727 833 770 essenon
849 711 956 788 ingenii
971 714 1108 776 vitium-s·

84 791 191 853 Novem
212 809 285 852 vero
300 791 511 868 Lyricorum
528 793 615 870 longe
638 792 816 855 Pindarus
838 796 974 874 princeps
998 797 1123 874 spiri-61
1145 787 1149 794 ’

84 886 126 935 tus
141 876 361 954 magnificentia,
377 878 537 953 sententiis,
554 877 668 954 liguris,
686 877 852 938 beatissima
866 895 961 938 rerum
975 879 1093 939 verbo-¹

82 977 198 1038 rumque
222 961 306 1038 'copia
326 968 356 1019 et
370 959 449 1019 velut
465 960 589 1039 quodam
605 961 790 1039 eloquentiae
806 960 936 1028 lluminc;
960 972 1082 1041 propter

83 1062 154 1122 quae
169 1042 303 1103 lioratius
326 1061 390 1104 cunr
407 1045 510 1103 merito
534 1039 654 1104 credidit
674 1045 778 1105 nemini
797 1043 971 1104 imitabilem.
1002 1047 1123 1110 ste-on

82 1126 253 1186 sichorus·
265 1145 348 1205 quam
366 1128 402 1186 sit
418 1128 534 1205 ingenio
549 1126 675 1204 validus,
697 1129 833 1188 materiae
849 1144 965 1205 quoquc
983 1138 1079 1189 osten·

82 1209 162 1286 dunt,
185 1212 306 1271 maxima
325 1210 405 1270 bella
425 1221 454 1270 et
476 1209 653 1270 clarissimos
676 1219 825 1271 canentem
851 1214 940 1273 duces
959 1221 988 1271 et
1002 1213 1079 1291 epici

83 1295 211 1354 carminis
233 1311 320 1354 onera
343 1293 405 1369 lyra
431 1295 627 1353 sustinentem.
673 1293 777 1355 Reddit
802 1295 875 1354 enirn
896 1297 1030 1373 personis
1050 1298 1079 1356 in

81 1377 192 1455 agendo
208 1377 290 1437 simul
311 1377 515 1456 loquendoque
533 1374 657 1437 debitam
672 1376 854 1455 dignitatem,
879 1395 914 1438 ac
932 1378 957 1438 si
972 1381 1079 1440 tenuis·

16 1514 19 1520 ,
81 1469 126 1520 set
140 1461 269 1536 modurn,
292 1459 405 1520 videtur
426 1461 563 1520 aemulari
588 1461 735 1538 proximus
758 1459 911 1522 Homerum
931 1464 1077 1540 potuisse;

81 1543 132 1603 sed
147 1543 286 1604 redundat
302 1553 387 1622 atque
406 1543 574 1619 effunditur,
597 1545 674 1622 quod
693 1553 724 1605 ut
741 1553 785 1606 est
800 1544 1078 1624 reprehendendum,

80 1627 118 1687 ita
134 1629 236 1706 copiae
252 1628 349 1687 vitium
365 1637 419 1686 est.
462 1626 623 1688 Alcaeus
643 1629 671 1686 in
688 1638 770 1706 parte
786 1630 884 1707 operis
900 1647 996 1691 aureo
1008 1631 1075 1708 ple·
1086 1639 1122 1695 63

80 1719 145 1772 otro
161 1713 263 1770 merito
280 1711 418 1788 donatur,
442 1727 498 1788 qua
520 1719 656 1785 tyrannos
677 1712 835 1773 insectatus
856 1711 972 1772 multum
995 1716 1079 1774 etiarn

80 1793 206 1853 moribus
223 1794 350 1863 coniert;
373 1795 400 1853 in
422 1793 587 1872 eloquendo
608 1811 725 1875 quoque
748 1794 844 1854 brevis
868 1802 897 1854 et
911 1797 1079 1873 magnificus

79 1886 108 1936 et
130 1877 253 1955 diligens
276 1887 305 1937 et
325 1878 495 1957 plerumque
518 1878 627 1937 oratori
647 1878 761 1946 similis:
786 1878 838 1939 sed
859 1886 888 1937 et
909 1876 976 1938 lusit
1000 1889 1028 1940 et
1051 1881 1079 1939 in

78 1977 191 2021 amores
213 1961 378 2037 descendit,
402 1959 557 2021 maioribus
580 1969 675 2022 tamen
703 1962 806 2043 aptior.
853 1961 1121 2040 Simonides,64

77 2045 171 2104 tenuis
187 2044 311 2123 alioqui,
336 2061 470 2104 sermone
493 2047 611 2123 proprio
629 2054 659 2106 et
673 2045 848 2106 iucunditate
864 2044 984 2123 quadam
1001 2063 1077 2108 com·

76 2127 205 2188 mendari
223 2135 333 2206 potest;
359 2129 516 2208 praecipua
533 2137 626 2188 tamen
641 2129 705 2188 eius
721 2130 749 2188 in
765 2129 972 2189 commovenda
992 2131 1077 2190 mise·

76 2211 189 2272 ratione
216 2213 320 2288 virtus,
347 2220 377 2271 ut
403 2210 515 2293 quidam
543 2213 571 2270 in
589 2211 645 2272 hac
668 2230 732 2272 eum
756 2220 839 2290 parte
861 2211 992 2272 omnibus
1015 2213 1077 2272 eius

76 2295 177 2374 operis
193 2295 358 2357 auctoribus
373 2295 548 2374 praeierant.

163 2378 322 2457 Antiqua
356 2380 544 2441 comoedia
576 2397 638 2438 cum
664 2379 807 2440 sinceram
831 2377 911 2440 illam
936 2380 1120 2446 sermonis65

75 2461 166 2520 Attici
181 2461 300 2539 gratiam
311 2479 404 2542 prope
416 2463 479 2523 sola
491 2465 605 2538 retinet,
622 2471 679 2523 tum
691 2462 913 2524 iucundissimae
924 2462 1077 2540 libertatis,

76 2547 133 2606 etsi
158 2553 203 2604 cst
223 2546 396 2606 insectandis
414 2549 489 2606 vitiis
504 2537 676 2625 praecipua,
699 2545 850 2625 plurimum
867 2555 961 2606 tamen
977 2548 1079 2608 virium

1 2631 3 2644 '
75 2629 165 2689 etiam
180 2629 208 2688 in
224 2630 330 2688 ceteris
343 2630 472 2708 partibus
492 2629 588 2691 habet.
628 2629 700 2690 Nam
721 2638 750 2689 ct
770 2629 887 2706 grandis
907 2638 936 2689 et
957 2629 1078 2707 elegans

74 2721 105 2773 et
124 2719 260 2788 venusta,
283 2722 312 2772 et
336 2717 436 2775 nescio
455 2732 491 2773 an
509 2713 583 2789 ulla,
608 2723 676 2792 post
692 2712 847 2773 llomerum
862 2721 971 2788 tannen,
994 2729 1079 2790 quesn

75 2804 106 2856 ut
121 2795 267 2856 Achillem
282 2814 398 2876 semper
413 2798 509 2875 excipi
526 2815 578 2874 par
595 2805 650 2873 est,
668 2805 715 2856 aut
730 2795 850 2856 similior
865 2797 901 2856 sit
916 2795 1078 2857 oratoribus

74 2889 125 2940 ant
151 2879 187 2940 ad
215 2887 347 2940 oratores
375 2881 524 2942 iaciendos
554 2881 657 2959 aptior.
707 2879 808 2940 Plures
839 2882 900 2940 eius
927 2887 1123 2950 auctores366

73 2963 355 3041 Aristophanes
379 2974 480 3025 tamen·
502 2973 530 3024 et
551 2961 705 3042 Eupolis
725 2961 974 3044 Cratinusque
995 2981 1078 3042 prae·

74 3048 165 3124 cipui.
196 3045 428 3125 Tragoedias
444 3049 551 3128 primus
567 3050 595 3107 in
610 3048 705 3109 lucem
720 3047 931 3124 Aeschylus
947 3048 1077 3126 protulit,

73 3129 208 3189 sublimis
233 3140 262 3191 et
282 3133 380 3209 gravis
403 3139 432 3192 et
452 3131 660 3211 grandiloquus
686 3149 776 3210 saepe
799 3148 892 3209 usque
913 3132 948 3192 ad
969 3132 1078 3208 vitium,

72 3213 129 3272 sed
152 3213 230 3273 rudis
253 3216 282 3275 in
305 3215 453 3294 plerisque
476 3224 504 3275 et
523 3216 746 3294 incompositus;
773 3225 894 3294 propter
915 3216 992 3294 quod
1013 3231 1077 3276 cor·

72 3305 175 3355 rectas
194 3297 255 3357 eius
273 3297 384 3360 iabulas
404 3300 432 3358 in
453 3307 598 3359 certamen
619 3299 735 3359 delerre
757 3299 967 3377 posterioribus
983 3297 1078 3376 poetis

71 3379 272 3440 Athenienses
295 3385 505 3461 permiserunt,
529 3391 652 3462 suntque
674 3399 710 3442 eo
730 3383 816 3443 modo
837 3382 916 3442 multi
937 3382 1076 3441 coronati.

72 3463 135 3525 Sed
154 3463 242 3542 longe
261 3465 365 3526 clarius
381 3466 596 3528 illustraverunt
610 3467 751 3546 hocopus
765 3465 977 3546 Sophocles
993 3474 1122 3545 atquettt
