2470 3962
285 105 341 166 ,J

182 205 243 268 230
498 221 534 266 m.
550 219 864 281 annemundum

181 373 295 434 tundam
311 389 380 434 esse
395 384 424 434 et
446 383 513 453 apte
530 390 645 436 caesam
661 372 763 448 velim,
786 373 871 434 aliter
885 373 961 434 eninr
974 373 1076 434 multis
1096 375 1194 436 modis

181 457 231 518 liet
246 458 381 516 enormis.
415 458 486 518 Pars
501 459 563 517 eius
584 459 665 536 prior
685 457 787 517 mediis
810 456 942 517 cruribus
958 459 1072 535 optime
1092 461 1193 518 termi-

127 548 278 615 immun,
301 543 449 618 posterior
466 541 568 602 eadem
583 540 718 620 portione
742 540 826 601 altius
847 559 903 620 qua
924 541 1069 600 cinctura.
1107 542 1194 602 Sinus

181 623 420 701 decentissimus,
447 626 471 683 si
496 624 643 703 aliquanto
663 641 750 702 supra
769 624 854 684 imam
875 632 973 702 togam
988 623 1098 692 fuerit:
1124 643 1194 684 nun·

116 763 122 770 .
181 725 265 786 quau
281 716 364 767 certe
378 710 415 769 sit
427 708 557 768 interior.
584 706 654 782 llle,
681 707 730 785 qui
746 706 799 766 sub
815 706 934 768 humero
956 707 1065 768 dextro
1089 709 1133 768 ad
1159 711 1195 768 si·

181 793 301 850 nistrum
323 790 442 871 oblique
467 791 579 852 ducitur
603 789 683 850 velut
700 789 831 865 balteus,
857 809 913 852 neo
937 790 1114 868 strangulet
1141 809 1194 852 nec

182 873 260 934 duat.
298 875 369 935 Pars
384 885 487 952 togae,
512 892 586 954 quae
602 883 706 953 postea
721 875 889 954 imponitur,
906 874 942 934 sit
959 872 1105 942 interium
1131 894 1195 936 nam

182 960 221 1018 ita
245 966 274 1017 et
295 958 381 1019 sedet
400 958 502 1019 melius
525 967 554 1018 et
577 959 748 1018 continetur.
786 957 979 1018 Subducenda
1006 959 1101 1018 ctiam
1126 977 1193 1038 pars

181 1041 278 1119 aliqua
293 1042 423 1118 tunicae,
444 1060 481 1102 ne
497 1043 532 1103 ad
547 1041 685 1103 lacertum
701 1041 729 1100 iu
745 1050 809 1102 actu
826 1041 1026 1107 redeuntum
1048 1043 1138 1102 ainus
1154 1044 1192 1102 in

181 1123 321 1186 iiciendus
339 1124 475 1201 humero,
492 1126 573 1186 ouius
589 1133 748 1186 extremam
761 1141 842 1185 oram
859 1125 1003 1186 reiecisse
1019 1141 1081 1186 non
1099 1126 1192 1186 dedc-

125 1211 238 1268 ltlcet.
279 1205 394 1287 Operiri
416 1219 512 1270 autem
532 1208 680 1268 humerum
701 1226 765 1270 oum
785 1216 847 1268 toto
863 1208 963 1284 iugulo
979 1224 1039 1268 non
1055 1218 1190 1288 oportet,

181 1291 289 1371 alioqui
305 1293 425 1353 amictus
441 1293 490 1353 liet
505 1300 654 1370 angustus,
670 1300 699 1351 et
714 1291 897 1370 dignitatem,
914 1309 990 1370 quae
1012 1302 1060 1353 cst
1078 1295 1112 1352 iu
1128 1293 1190 1353 lati·

182 1375 280 1434 tudine
295 1377 442 1454 pectoris,
466 1377 579 1455 perdet.
611 1375 760 1436 Sinistrum
782 1373 930 1435 brachium
947 1392 984 1435 eo
1001 1393 1101 1454 usque
1119 1376 1188 1437 alle

125 1459 303 1519 latrandum
320 1467 375 1534 est,
391 1469 422 1520 ut
439 1461 521 1538 quasi
535 1459 694 1520 normalem
709 1457 788 1519 illum
805 1458 939 1536 angulum
954 1457 1053 1519 iaciat.
1090 1461 1189 1539 Super

182 1541 259 1620 qnod
275 1559 326 1602 ora
347 1561 384 1602 ex
405 1553 474 1620 toga
491 1542 600 1620 duplex
624 1541 785 1621 aequaliter
799 1542 912 1603 sedeat
942 1541 1043 1602 liunus
1059 1561 1125 1603 non
1140 1545 1187 1602 im·

182 1625 296 1702 pleatur
311 1626 412 1700 anulis,
431 1627 589 1704 praecipue
604 1627 717 1686 medios
733 1625 869 1687 articulos
882 1642 939 1686 non
950 1627 1186 1693 transcuntibus:

183 1709 263 1767 cuius
286 1710 341 1769 erit
362 1709 476 1770 habitus
497 1713 621 1788 optimus
641 1709 768 1784 allevato
790 1709 899 1788 pollice
916 1718 945 1768 et
961 1709 1060 1787 digitis
1078 1711 1188 1770 leviter

180 1777 310 1868 infleris,
334 1794 389 1852 nisi
406 1793 536 1854 libellum
550 1793 671 1854 tenebit.
706 1792 790 1866 Quod
808 1811 865 1852 uon
886 1794 987 1870 utiquc
1009 1794 1185 1871 captandum

182 1884 242 1944 est;
265 1876 378 1938 videtur
398 1879 473 1936 enim
493 1877 580 1938 fateri
599 1878 755 1938 memoriae
772 1876 959 1937 diffidentiam
979 1887 1009 1936 et
1025 1878 1062 1937 ad
1076 1877 1185 1938 multos

126 1969 282 2036 laagestus
306 1970 351 2020 est
370 1961 584 2040 impedimento.
622 1959 733 2037 'logum
754 1968 873 2021 veteres
894 1960 930 2021 ad
951 1961 1074 2020 calceos
1091 1977 1183 2039 usque

182 2043 368 2104 demittebant
390 2053 421 2104 ut
436 2042 540 2106 Graeci
563 2043 689 2122 pallium.
722 2044 813 2124 idque
829 2053 858 2104 ut
873 2043 937 2118 liat,
962 2045 1011 2122 qui
1034 2045 1072 2104 de
1098 2051 1185 2122 gestu

182 2127 360 2204 seripserunt
382 2129 460 2188 cirea
482 2137 612 2205 tempora
634 2126 699 2201 illa,
723 2127 832 2188 Plotius
853 2127 1046 2206 Nigidiusque
1068 2127 1184 2206 praeci·

181 2210 270 2286 piunt.
304 2210 368 2284 Quo
390 2213 482 2288 magis
504 2213 593 2270 miror
615 2210 697 2270 Plinii
713 2212 841 2272 Secundi
865 2211 944 2272 docti
963 2210 1087 2274 hominis
1112 2221 1145 2272 et
1158 2211 1184 2270 iu

181 2293 238 2352 hoc
253 2295 351 2374 utique
374 2295 448 2355 libro
472 2312 567 2372 paene
590 2295 676 2354 etiam
692 2295 806 2354 nimium
824 2295 931 2355 curiosi
949 2295 1183 2393 persuasionem,

182 2378 231 2454 qui
247 2377 360 2437 solitum
377 2377 406 2438 id
421 2378 522 2439 iacere
538 2377 712 2438 Ciceronem
733 2378 921 2442 velandorum
942 2379 1073 2438 varicum
1089 2378 1184 2455 gratia

182 2459 366 2526 uadimonia
382 2461 439 2520 hoo
455 2463 574 2521 amiotus
589 2479 682 2538 genus
698 2463 726 2521 in
742 2463 843 2522 statuis
852 2479 958 2525 eorum
974 2478 1112 2541 quoque,
1138 2460 1185 2540 qni

126 2550 248 2620 144post
265 2540 438 2603 Ciceronem
459 2543 574 2604 inerunt
581 2555 762 2624 ,appareat
794 2545 945 2606 Palliolum
967 2546 1041 2605 sicut
1062 2543 1182 2616 fascius,

182 2625 285 2705 quihus
300 2645 384 2688 arura
396 2629 571 2704 vcstiuntur,
595 2637 625 2688 et
647 2627 754 2690 focalia
774 2639 804 2690 et
825 2629 932 2690 aurium
947 2627 1105 2706 ligamenta
1122 2627 1183 2690 sola

183 2728 325 2772 excusare
343 2720 441 2790 potest
454 2712 601 2775 valetudo

266 2795 326 2855 Sed
349 2795 423 2856 hacc
444 2797 563 2856 amiotus
584 2793 771 2872 observatio,
798 2795 896 2856 dum
887 2796 1052 2893 incipimus:
1076 2812 1180 2873 proce·

183 2879 269 2938 dente
292 2895 364 2938 vero
387 2889 467 2955 actu,
489 2881 545 2940 iam
560 2897 655 2958 paene
678 2879 713 2939 ab
734 2842 827 2940 initio
840 2879 1028 2953 narrationis,
1050 2879 1130 2938 sinus
1147 2877 1180 2937 ab

182 2961 301 3022 humero
319 2971 404 3022 recte
416 2925 496 3022 velut
514 2972 617 3042 sponte
634 2962 795 3038 delabitur,
819 2972 864 3039 et,
882 2981 945 3026 oum
962 2962 997 3022 ad
1014 2967 1181 3038 argumenta

184 3061 218 3104 ao
244 3045 329 3104 looos
354 3054 469 3106 ventum
495 3056 553 3121 est,
584 3047 710 3106 reiicerc
733 3064 750 3105 a
772 3008 887 3106 sinislro
912 3055 1026 3123 togato,
1052 3044 1180 3104 deiicere

121 3130 286 3212 145etiam,
312 3130 336 3188 ai
359 3129 494 3205 haereat,
522 3131 612 3190 sinum
635 3131 798 3190 conveniet
836 3128 969 3199 Laevaa
994 3127 1126 3187 faucibus
1148 3142 1180 3184 ao

188 3229 296 3272 summo
313 3221 434 3292 pectore
451 3174 597 3274 ablluocre
612 3213 690 3274 licet
720 3211 833 3274 Ardent
850 3213 924 3272 euim
940 3213 996 3274 ium
1013 3211 1116 3272 omnia.
1145 3207 1179 3268 lit

188 3306 217 3356 ut
231 3314 290 3356 vox
312 3295 512 3356 vehementior
532 3314 568 3356 ac
588 3297 679 3374 magis
694 3296 772 3358 varia
788 3305 847 3356 est.
870 3297 913 3356 sio
930 3296 1050 3358 amiotus
1065 3309 1178 3372 quoque

21 3401 25 3412 ·
127 3373 270 3438 146ὴιι1ιοι
291 3389 385 3440 actum
407 3380 550 3478 quendam
569 3380 650 3464 velut
669 3378 869 3458 proeliantem.
900 3377 1001 3474 ltaque
1018 3385 1048 3435 ut
1069 3377 1177 3436 laevam

183 3461 333 3523 involvere
349 3471 418 3541 toga
434 3471 464 3522 et
484 3463 591 3540 incingi
610 3459 703 3541 paene
719 3461 858 3522 furiosum
874 3471 937 3538 est,
956 3461 1049 3519 sinum
1065 3458 1177 3516 veroin
