2436 3956
199 199 237 258 74
509 210 544 256 u.
562 207 640 255 unu.
658 207 877 266 ouraninmur

198 363 255 425 lata
274 371 418 422 structura
436 371 533 437 caret,
555 379 619 422 cum
638 361 689 422 illa
703 361 826 420 rotunda
842 370 870 420 et
884 360 1011 438 undique
1028 362 1192 424 circumcisa

152 447 329 511 winsistere
351 446 475 504 invicem
494 454 647 523 nequeant.
692 445 812 504 Praeter
839 443 896 504 boc
918 447 1005 503 etiam
1027 444 1113 503 color
1134 446 1192 524 ipsa

198 529 311 589 dicendi
327 527 484 606 quamlibet
500 528 602 604 claris,
620 528 716 588 multis
731 536 825 586 tamen
837 545 872 587 ac
883 529 970 588 variis
982 527 1066 586 velut
1080 528 1193 588 maculis

197 613 410 691 conspergitur.
440 610 542 686 Porro,
558 622 588 670 ut
605 611 688 671 ailcrt
705 611 799 670 lumen
812 611 911 670 clavus
924 628 1071 688 purpurae
1088 613 1115 668 in
1131 610 1193 671 loco

196 697 338 756 insertus:
357 696 395 755 ita
413 703 493 754 certe
512 698 653 754 nemiuem
670 695 774 754 deccat
795 695 950 753 intertexta
972 693 1108 773 pluribus
1123 696 1209 754 notisl

151 781 295 843 narratis.
327 778 435 853 Quare,
453 777 522 838 licet
536 778 610 838 haec
632 787 662 838 et
678 780 771 838 nitere
794 787 823 836 et
840 777 1020 855 aliquatenus
1037 786 1140 837 extare
1157 780 1192 836 ri-

196 862 326 939 deantur,
343 870 437 921 tamen
453 871 482 920 et
499 860 603 920 lumina
620 861 670 921 illa
687 877 745 920 nou
760 861 891 920 dammae
903 859 955 920 sed
969 859 1107 919 scintillis
1125 863 1192 920 iuter

195 946 301 1005 lumum
325 943 512 1004 emicantibus
533 944 635 1005 similia
658 945 780 1009 dixerim
804 945 899 1022 (quae
922 962 958 1002 ue
973 953 1118 1020 apparent
1135 947 1190 1022 qui

194 1029 278 1104 dem,
303 1027 351 1086 ubi
372 1036 432 1086 tota
455 1027 533 1087 lucet
553 1030 666 1102 oratio,
687 1036 718 1086 ut
739 1028 767 1085 in
791 1027 854 1087 sole
870 1027 965 1086 sidera
982 1028 1045 1104 ipsa
1063 1025 1192 1087 desinont

196 1113 291 1191 cerni)
308 1120 348 1186 et,
367 1128 441 1188 quae
457 1110 568 1171 crebris
586 1112 742 1188 parvisque
765 1109 915 1170 conatibus
936 1128 968 1169 se
985 1109 1139 1187 attollunt,
1156 1113 1191 1170 in·

196 1194 330 1274 aequalia
346 1202 452 1255 tautum
477 1204 506 1254 et
522 1194 602 1254 velut
618 1194 794 1270 confragosa
814 1211 870 1253 nec
892 1192 1113 1252 admirationem
1128 1211 1191 1254 con-

149 1287 354 1356 oosequuutur
376 1279 558 1337 eminentium
582 1287 612 1338 et
633 1278 782 1356 planorum
806 1278 927 1353 gratiam
952 1276 1088 1354 perdunt.
1133 1277 1192 1337 lloc

195 1379 312 1441 quoque
328 1362 451 1436 accedit,
468 1361 545 1438 quod
560 1361 639 1420 solas
661 1362 786 1439 captanti
802 1360 958 1419 sententias
974 1359 1080 1419 multas
1097 1360 1191 1421 dicere

193 1462 319 1503 necesse
336 1453 380 1503 est
395 1444 493 1520 leves,
509 1444 645 1521 frigidas,
661 1446 784 1522 ineptas.
822 1441 887 1502 Non
909 1444 983 1501 enim
1003 1452 1105 1521 potest
1129 1463 1189 1503 esse

194 1526 337 1603 delectus,
354 1527 401 1586 ubi
416 1539 534 1586 numero
553 1526 709 1586 laboratur.
741 1525 842 1604 ltaque
857 1525 957 1585 videas
974 1535 1004 1585 et
1022 1525 1189 1586 divisionem

194 1627 248 1688 pro
267 1611 409 1669 sententia
431 1611 500 1687 poni
516 1619 545 1669 et
560 1619 771 1687 argumentum
793 1611 830 1669 sit
850 1617 944 1670 tamen
965 1611 994 1668 in
1016 1609 1150 1672 clausula
1166 1620 1190 1670 et

149 1693 272 1756 31salse
298 1693 507 1771 pronuntietur.
555 1692 704 1756 Occidisti
727 1712 855 1755 oaorem
871 1695 938 1772 ipae
960 1694 1108 1764 adultera
1136 1713 1190 1758 noa

190 1777 306 1855 ferrem
336 1784 380 1854 te,
405 1778 525 1838 etiamsi
547 1778 761 1856 repudiasset,
785 1777 887 1837 divisio
911 1786 965 1836 est.
1018 1773 1072 1837 Via
1101 1781 1191 1854 scire,

192 1879 340 1923 venerium
356 1880 422 1922 aare
438 1862 641 1922 amatorium?
673 1859 793 1940 Viveret
812 1860 912 1936 bomo,
932 1861 994 1920 nisi
1005 1861 1085 1921 iilud
1101 1861 1190 1923 bibia-

192 1953 248 2019 cet,
267 1953 463 2022 argumentum
479 1951 533 2004 eat.
570 1943 633 2003 Nec
644 1943 746 2004 multus
762 1943 896 2023 plerique
911 1945 1069 2004 sententias
1084 1943 1190 2020 dicunt,

149 2028 244 2089 32sed
261 2029 354 2086 omnia
369 2037 502 2106 tanquam
526 2029 693 2086 sententias.
731 2025 804 2086 lluic
827 2026 996 2105 quibusdam
1018 2031 1212 2102 contrarium,

193 2109 331 2185 studium,
356 2112 403 2187 qui
423 2111 534 2187 lugiunt
556 2127 590 2170 ac
605 2109 792 2170 reformidant
807 2127 920 2170 omnem
935 2111 1009 2170 hanc
1024 2112 1054 2170 in
1069 2110 1191 2172 dicendo

192 2193 382 2272 voluptatem,
397 2193 466 2254 nibil
483 2193 640 2272 probantes
655 2195 710 2253 uisi
725 2193 839 2272 planum
856 2204 885 2254 et
895 2194 1002 2254 humile
1018 2203 1048 2253 et
1064 2196 1131 2254 sine
1147 2211 1192 2255 co·

192 2286 268 2336 natu.
298 2275 351 2351 lta,
369 2277 434 2336 dum
450 2279 564 2352 timent,
586 2294 622 2336 ne
639 2276 793 2356 aliquando
809 2277 928 2354 cadant,
949 2295 1068 2356 semper
1087 2279 1192 2340 iacent

194 2359 278 2432 Quod
297 2362 370 2419 euim
386 2369 493 2419 tantum
516 2361 543 2419 in
564 2363 706 2421 sententia
723 2359 798 2420 bona
816 2363 925 2420 crimen
941 2358 1007 2421 est?
1036 2360 1107 2422 Non
1131 2380 1193 2423 cau·

192 2459 243 2500 sae
258 2439 402 2520 prodest?
417 2459 475 2501 non
489 2443 611 2502 iudicem
626 2440 744 2504 movet?
762 2460 818 2502 non
830 2445 974 2504 dicentem
989 2441 1193 2506 commendati

149 2524 249 2586 338ed
262 2534 306 2583 est
322 2524 463 2601 quoddam
481 2542 584 2601 genus,
600 2544 657 2604 quo
671 2537 787 2587 veteres
799 2545 856 2587 non
867 2526 1029 2589 utebantur.
1053 2528 1101 2589 Ad
1113 2547 1194 2608 quan

192 2626 284 2686 usque
310 2625 364 2668 nos
390 2610 502 2667 vocatis
531 2608 725 2670 uetustatem?
763 2610 836 2671 Nam
861 2612 885 2670 si
912 2612 990 2671 illam
1017 2621 1191 2672 extremam:

191 2692 279 2751 multa
294 2690 524 2768 Demosthenes,
542 2710 616 2771 quae
631 2703 696 2753 ante
712 2712 775 2753 eum
789 2712 884 2754 nemo.
923 2695 1080 2768 Quomodo
1098 2703 1195 2776 puteat

191 2774 318 2851 probare
340 2772 527 2852 Ciceronem,
552 2779 599 2854 qui
619 2778 688 2837 nibil
708 2787 790 2855 putet
813 2796 850 2837 ex
867 2775 978 2838 Catone
994 2778 1193 2857 Gracchisque
1210 2839 1212 2856 ,

192 2855 374 2917 mutandum?
413 2859 472 2918 Sed
494 2867 559 2918 ante
580 2859 634 2920 bos
660 2860 818 2938 simplicior
838 2860 930 2921 adhuc
954 2863 1029 2922 ratio
1056 2861 1212 2942 loquendi*

147 2946 185 3002 st
193 2939 254 2998 luit.
288 2939 353 3017 Ego
369 2958 440 3000 vero
458 2941 532 3002 haec
549 2943 653 3004 lumina
673 2945 811 3003 orationis
831 2943 912 3004 velut
932 2945 1036 3005 oculos
1053 2949 1192 3025 quosdam
1210 2969 1212 3008 i

192 3040 260 3082 esse
276 3024 459 3102 eloquentiae
476 3026 574 3085 credo.
605 3027 664 3087 Sed
681 3045 775 3105 neque
790 3027 893 3088 oculos
906 3046 973 3088 esse
989 3038 1051 3090 toto
1067 3044 1192 3110 corpore
1210 3013 1212 3080 l

191 3104 294 3183 velim,
315 3125 352 3167 ne
375 3117 473 3168 cetera
487 3109 613 3168 membra
635 3111 761 3171 oiiicium
779 3129 859 3170 suum
876 3111 1014 3189 perdant;
1032 3124 1081 3190 et,
1105 3116 1132 3173 si
1148 3129 1192 3172 na

193 3207 278 3250 cesse
299 3192 346 3266 sit,
361 3201 492 3251 veterem
508 3191 587 3250 illum
602 3193 753 3254 horrorem
766 3193 879 3254 dicendi
895 3196 991 3256 malim
1008 3215 1096 3275 quam
1113 3200 1193 3258 istum

192 3291 295 3334 nouam
316 3274 468 3334 licentiam.
512 3274 570 3334 Sed
590 3285 671 3354 patet
696 3277 789 3337 media
810 3278 950 3357 quaedam
968 3283 1036 3356 via,
1065 3284 1146 3342 sicut
1168 3281 1193 3336 in

193 3357 272 3416 cultu
292 3359 429 3436 victuque
451 3360 576 3418 accessit
597 3360 701 3438 aliquis
728 3362 800 3424 citra
819 3362 1079 3440 reprehensionem
1106 3365 1190 3423 nitor.

192 3439 305 3515 Quare,
327 3443 401 3500 sicut
419 3459 588 3520 possumus,
608 3444 773 3503 adiiciamus
791 3445 951 3506 virtutibus.
999 3447 1081 3508 Prius
1098 3457 1192 3506 tamen
