2436 3956
265 196 269 204 ¹
314 193 769 261 1nsr.onnnon.rnne.vnn‚n.
1004 188 1046 248 49

36 347 204 411 communis
224 345 355 423 pluribus
375 347 480 406 inuno
503 346 599 424 aliquo
622 347 709 406 babet
722 365 827 407 nomen
842 351 991 425 eximium,
1014 361 1046 410 ιιι

36 449 161 492 carmen
182 429 303 488 funebre
324 430 442 507 proprie
465 433 578 491 ucecia
599 439 627 490 et
649 430 864 490 tabernaculum
885 433 965 492 ducis
986 453 1045 494 au-

30 515 165 594 gurale.
205 510 294 586 Item,
311 511 389 589 quod
404 529 552 572 commune
569 522 614 572 est
634 522 663 573 et
678 515 741 573 aliis
758 531 877 590 nomen,
894 516 1043 576 intellectu

33 597 132 656 alicui
153 595 197 653 rei
212 593 398 672 peculiariter
414 594 562 671 tribuitur,
584 605 615 654 ut
629 597 735 657 urbem
749 596 868 657 Romam
886 601 1043 676 accipimus
1153 642 1157 652 ,

33 689 69 740 et
85 678 213 740 venales
227 679 357 736 novicios
374 685 403 736 et
421 675 578 739 Ocriutbt'a
599 695 683 746 aera;
711 697 774 738 cum
792 681 847 739 sint
866 679 953 740 urbes
969 681 1042 740 aliae

34 779 161 840 qnoque
179 769 208 818 et
222 759 336 820 venalia
351 759 438 819 multa
454 770 483 820 et
498 769 554 820 tam
570 778 667 820 aurum
685 771 714 820 et
729 772 878 838 argentum
893 781 977 840 quam
992 782 1043 823 aes

35 843 232 904 Corinthium.
276 842 334 902 sed
349 861 385 902 ne
403 844 430 902 in
445 843 489 902 bis
507 844 621 921 quidem
637 845 727 903 uirtus
745 847 868 904 oratoris
882 847 1041 923 inspicitur.
1076 849 1079 855 “

32 929 80 987 At
95 925 168 986 illud
184 926 238 984 iarn
252 943 310 984 non
321 925 507 984 mediocriter
521 926 714 1004 probandum,
728 927 805 1005 quod
819 927 875 987 boc
888 930 972 987 etiam
984 929 1043 988 lan·
1055 935 1074 990 9

32 1011 104 1070 dari
119 1009 206 1067 modo
222 1009 314 1084 solet,
331 1017 360 1068 ut
376 1010 494 1087 proprie
510 1009 629 1085 dictum,
645 1011 673 1070 id
690 1018 749 1086 est,
767 1029 823 1089 quo
840 1009 908 1070 nibil
924 1013 1044 1071 inueniri
1092 1003 1096 1012 ¹

31 1093 139 1172 possit
162 1091 463 1168 significantius:
490 1101 520 1150 nt
543 1089 615 1152 Gato
642 1093 729 1168 dixit,
757 1092 790 1156 C.
811 1092 978 1155 Caesarem
1001 1096 1045 1155 aul

30 1175 240 1237 evertendum
252 1193 317 1234 rem
329 1175 485 1254 publicam
499 1176 634 1235 sobrium
649 1178 838 1258 accessiuocg
860 1185 891 1235 nt
905 1175 1043 1253 Virgilius

24 1259 210 1320 deductum
231 1275 372 1332 emmau,
393 1265 423 1314 et
437 1256 572 1316 Horatius
588 1277 693 1320 acrem
708 1259 813 1319 tibiam
827 1257 1042 1320 Hannibalem·

32 1359 101 1421 quc
117 1341 229 1402 dirum.
267 1339 299 1398 ln
315 1355 371 1416 quo
386 1339 472 1398 modo
490 1338 560 1399 illud
579 1357 694 1417 quoque
710 1350 755 1400 est
772 1359 788 1400 a
804 1340 972 1418 quibusdam
987 1347 1085 1401 tra-10

33 1427 132 1486 ditum
148 1423 257 1500 proprii
268 1440 360 1497 genus
379 1439 416 1480 ex
431 1423 572 1499 appositis
589 1423 732 1500 (epitheta
745 1423 908 1502 dicuntur):
925 1423 1043 1484 utDul-
1131 1469 1135 1475 ι

33 1507 193 1570 σιἰιιιιιιιι·
207 1513 235 1563 et
251 1502 326 1564 Cum
341 1506 481 1566 dentibus
496 1505 584 1566 albic.
628 1505 673 1566 De
691 1524 747 1584 quo
768 1524 878 1584 genere
900 1507 957 1566 alio
974 1507 1042 1566 loco

3 1609 5 1614 ·
34 1588 193 1650 dicendum
209 1595 264 1645 est.
306 1585 399 1646 Etiam
415 1605 489 1664 quae
506 1587 581 1646 bene
598 1589 735 1649 translata
751 1599 832 1665 sunt,
854 1591 971 1669 propria
986 1591 1042 1650 dici

37 1671 149 1732 solent.
186 1669 303 1729 interim
317 1679 427 1744 antem,
443 1687 517 1746 quae
532 1673 638 1729 suntin
654 1688 769 1749 quoqne
782 1674 957 1750 praecipua,
974 1675 1086 1750 pro-ll

36 1755 99 1834 prii
115 1752 209 1813 locum
221 1753 379 1830 accipiunt,
400 1760 431 1811 nt
445 1749 551 1811 Fabius
567 1755 641 1812 inter
656 1754 755 1831 plures
770 1756 969 1831 imperatorias
984 1756 1041 1813 vir-

35 1847 119 1900 tutes
140 1834 306 1898 Cunctator
322 1844 367 1894 est
386 1834 559 1912 appellatus.
1081 1895 1083 1898 .

128 1920 251 1980 Possunt
273 1920 364 1979 videri
387 1916 492 1992 verba,
514 1935 587 1995 qnae
607 1918 672 1996 plus
693 1918 854 1994 significant
875 1936 958 1995 qnam
979 1919 1042 1978 elo-

35 2014 184 2085 qnnntnr,
209 2005 237 2062 in
258 2011 340 2080 parte
356 2000 490 2078 ponenda
507 2002 738 2078 perspicuitatis;
766 2001 944 2060 intellectum
968 2002 1042 2061 enim
1185 1992 1191 2005 ¹

34 2089 188 2149 adiuvant.
228 2083 294 2162 Ego
313 2094 406 2144 tamen
423 2082 558 2143 libentius
581 2083 728 2162 emphasin
742 2082 890 2143 retulerim
906 2084 941 2144 ad
959 2100 1042 2145 orna·

34 2184 99 2232 tum
117 2170 273 2245 orationis,
296 2168 362 2246 quia
382 2183 458 2242 non,
476 2174 507 2224 nt
521 2166 714 2244 intelligatur,
737 2167 843 2242 elficit,
860 2165 913 2225 sed
930 2167 1042 2244 utplus

36 2253 231 2329 intelligatur.
1050 2321 1051 2324 Ἴ

126 2334 167 2394 At
186 2333 400 2394 obscuritas
423 2334 454 2392 iit
475 2336 559 2394 etiam
574 2332 672 2392 verbis
688 2332 723 2392 ab
739 2351 792 2392 usu
812 2333 947 2391 remotis:
968 2341 999 2391 nt
1018 2331 1042 2390 si
1051 2337 1089 2391 12

36 2419 264 2480 commentarios
276 2419 339 2495 quis
354 2417 520 2495 pontificum
536 2426 565 2476 et
579 2417 772 2476 vetustissima
787 2415 908 2477 foedera
927 2425 956 2474 et
972 2431 1042 2474 exo·

36 2504 120 2562 letos
142 2508 284 2560 scrutatus
307 2509 442 2560 auctores
464 2500 492 2560 id
514 2501 607 2578 ipsum
628 2507 708 2577 petat
731 2515 769 2558 ex
791 2499 850 2575 bis,
880 2515 954 2576 quae
976 2498 1042 2558 inde

36 2585 239 2658 contraxerit,
256 2582 333 2660 quod
347 2599 405 2642 non
419 2583 625 2659 intelliguntur.
658 2581 730 2641 Hinc
746 2583 820 2640 enim
838 2581 925 2658 aliqui
939 2581 1042 2639 lamam

35 2667 212 2728 eruditionis
228 2665 380 2740 affectant,
402 2675 432 2724 ut
452 2665 591 2743 quaedam
610 2662 666 2723 soli
682 2665 758 2723 scire
778 2664 937 2723 videantur.
977 2661 1088 2722 Fal-13

35 2752 100 2812 lunt
127 2751 212 2808 etiam
233 2747 323 2807 verba
337 2747 386 2808 vel
406 2747 574 2825 regionibus
596 2745 764 2824 quibusdam
784 2747 875 2822 magis
893 2745 1042 2804 familiaria

35 2835 87 2894 vel
104 2834 207 2892 artium
222 2832 356 2909 propria,
372 2841 402 2890 nt
417 2829 567 2892 Atabulus
581 2838 683 2888 ventus
701 2837 730 2887 et
749 2831 829 2888 navis
850 2830 997 2890 soccatus
1012 2836 1041 2885 et

36 2921 65 2976 in
83 2916 162 2974 malo
187 2911 348 2974 Cosanum.
388 2913 468 2986 Quae
484 2913 533 2972 vel
550 2911 663 2972 vitanda
679 2911 753 2989 apud
775 2910 897 2971 iudicem
913 2912 1042 2987 ignarum

37 2998 281 3076 significationum
304 3013 401 3056 earnm
426 2996 474 3055 vel
495 2994 708 3072 interpretanda
735 3002 814 3068 sunt,
842 2996 915 3052 sicut
935 2995 964 3052 in
985 2992 1040 3068 bis,

37 3101 116 3162 quae
134 3080 347 3154 homonyma
362 3087 516 3138 vocantur:
539 3087 585 3153 nt,
606 3077 727 3138 Taurus
742 3077 843 3136 animal
858 3079 895 3135 sit
910 3094 945 3135 an
959 3092 1041 3134 mons

37 3184 75 3224 an
92 3165 205 3240 signnm
222 3165 251 3220 in
271 3161 355 3221 coelo
373 3179 408 3222 an
427 3179 530 3221 nomen
544 3160 666 3219 bominis
684 3177 719 3219 an
741 3160 822 3219 radix
838 3159 965 3234 arboris,
987 3158 1042 3216 nisi

37 3249 205 3310 distinctum
222 3262 279 3303 non
298 3244 484 3322 intelligetur.
598 3319 610 3324 ..

3 3403 4 3408 ἵ
125 3328 193 3388 Plus
209 3337 303 3386 tamen
326 3337 371 3387 est
387 3326 570 3387 obscuritatis
586 3329 614 3386 in
630 3334 766 3388 contextu
785 3335 813 3385 et
830 3325 1088 3386 continuationem
1116 3372 1118 3381 ,

37 3412 183 3472 senncnis
200 3419 229 3469 et
246 3410 344 3488 plures
359 3410 451 3470 modi·
492 3409 587 3483 Quare
602 3428 657 3469 nec
673 3411 708 3469 sit
723 3419 778 3469 tam
792 3410 913 3486 longus,
931 3417 961 3466 ut
976 3424 1040 3465 cum

82 3516 112 3553 ιι.
124 3515 148 3552 r.
163 3513 273 3560 omnam.
290 3498 322 3554 Il.
855 3493 873 3551 4
