2470 3962
240 175 282 198 ⁸
340 212 430 260 ruso.
448 173 787 278 mercennariae.
846 181 849 184 ’
994 203 1054 264 221

50 373 109 446 bus
124 377 275 448 congruat.
302 366 365 427 Sed
380 368 408 426 in
426 365 490 444 ipso
506 364 585 426 vultu
605 366 755 444 plurimum
770 367 870 428 valent
885 369 979 445 oculi,
1002 381 1099 450 perta

50 471 130 536 quos
144 455 268 515 maxime
286 453 395 511 animus
414 449 536 524 eminet,
554 458 585 508 ut
600 451 672 509 citra
687 460 793 510 motum
807 468 923 531 quoque
939 463 970 512 et
983 456 1055 515 bila·

51 541 140 600 ritate
157 538 319 597 enitescant
334 543 363 593 et
377 533 510 593 tristitiae
528 532 671 611 quoddam
691 533 818 595 nubilum
834 535 947 596 ducant.
982 538 1056 611 Quin

52 615 300 683 etiam‘lacrimas
327 617 371 690 bis
397 624 498 676 natura
525 617 629 675 mentis
649 617 759 678 indices
785 618 879 694 dedit,
906 639 981 700 quae
1009 633 1056 682 aut

53 713 208 783 erumpunt
223 702 326 763 dolore
342 709 390 761 aut
404 700 512 760 laetitia
528 709 652 760 manant.
696 700 775 761 llotu
790 719 864 762 vero
879 704 991 779 intenti,
1010 723 1055 765 re·

50 788 150 864 missi,
174 785 309 864 superbi,
329 785 421 859 torvi,
450 784 553 857 mites,
576 785 674 862 asperi
697 784 780 853 liunt;
807 803 900 864 quae,
922 796 953 846 ut
974 798 1055 848 actus

52 871 245 951 poposcerit,
270 868 423 945 fingentur.
464 864 561 944 Rigidi
575 884 647 927 vero
670 877 699 928 ct
715 870 840 945 extenti,
865 878 913 930 aut
929 869 1097 948 languidius

51 963 84 1016 et
99 961 272 1032 torpentes,
290 960 339 1011 aut
356 951 459 1010 lascivi
475 959 504 1010 ct
518 949 659 1027 mobiles,
681 959 729 1012 aut
744 961 875 1015 natantes
889 963 918 1014 et
933 955 1054 1032 quadam

50 1038 204 1116 voluptate
225 1036 342 1110 suliusi,
370 1042 418 1094 aut
440 1033 498 1098 limi
520 1042 567 1109 et,
594 1043 624 1094 ut
639 1037 683 1096 sio
705 1035 816 1112 dicam,
842 1041 979 1114 venerei,
1008 1048 1055 1097 aut

50 1128 212 1200 poscentes
243 1117 353 1198 aliquid
380 1116 593 1196 pollicentesve
625 1137 768 1198 nunquam
795 1138 863 1180 esse
898 1120 1052 1181 debebunt.

6 1251 12 1256 .
50 1205 125 1266 Nam
147 1211 268 1282 opertos
292 1217 516 1280 compressosve
538 1217 591 1260 eos
612 1204 640 1260 in
662 1202 784 1263 dicendo
808 1206 871 1283 quis
893 1207 947 1263 nisi
968 1205 1053 1284 plane

51 1289 131 1349 rudis
152 1295 200 1348 aut
222 1285 324 1346 stultus
347 1283 475 1345 babeat?
504 1282 541 1343 Et
558 1284 594 1344 ad
614 1284 690 1346 haec
707 1289 801 1346 omnia
824 1288 1011 1366 exprimenda
1027 1290 1096 1350 inii

53 1370 203 1452 palpebris
220 1371 306 1430 etiam
322 1377 352 1429 et
365 1369 450 1445 genis
466 1375 512 1427 est
528 1369 671 1447 quoddam
687 1369 859 1430 deserviens
875 1372 909 1430 iis
926 1373 1054 1434 ministe-

51 1457 134 1516 rium.
170 1453 287 1514 blultum
310 1461 340 1512 et
356 1450 523 1529 superciliis
538 1454 641 1530 agitur.
674 1452 746 1513 Nam
766 1463 796 1514 et
812 1455 915 1515 oculos
932 1456 1053 1514 formant
1061 1461 1096 1516 78

48 1539 233 1618 aliquatenus
248 1545 279 1596 et
293 1536 380 1595 fronti
396 1535 546 1613 imperant.
571 1535 621 1596 llis
638 1536 825 1614 contrahitur,
842 1539 991 1614 attollitur,
1007 1557 1051 1598 re·

51 1624 185 1690 mittitur;
201 1629 230 1680 et
245 1636 301 1680 una
315 1637 365 1679 res
380 1619 408 1677 in
423 1636 458 1678 ea
474 1617 539 1697 plus
554 1618 667 1697 valeat,
685 1623 802 1698 sanquis
818 1622 885 1698 ille,
906 1624 953 1700 qui
972 1641 1051 1682 men·

52 1708 90 1766 tis
105 1704 203 1766 babitu
220 1711 354 1763 movetur
367 1712 414 1778 et,
432 1720 495 1762 cum
510 1703 648 1764 inlirmam
663 1705 839 1765 verecundia
856 1715 950 1778 cutem
966 1725 1051 1766 acce-

53 1791 111 1868 pit,
127 1785 280 1848 edunditur
295 1789 324 1846 in
339 1785 493 1854 ruborem;
518 1803 581 1845 cum
597 1794 675 1846 metu
690 1787 815 1864 refugit,
838 1788 897 1848 abit
913 1790 1004 1847 omnis
1023 1799 1052 1849 et

51 1871 167 1954 pallore
187 1872 335 1948 frigescit;
351 1878 531 1948 temperatus
545 1869 669 1930 medium
685 1870 828 1949 quoddam
844 1890 978 1931 serenum
990 1872 1038 1931 cili

51 1959 100 2019 uit.
137 1953 244 2016 Vitium
264 1957 293 2014 in
316 1953 498 2032 superciliis,
524 1954 551 2014 si.
572 1963 619 2014 aut
645 1954 760 2015 immota
783 1963 847 2014 sunt
867 1957 982 2015 omuino
1004 1961 1094 2016 autltt

51 2041 166 2100 nimium
181 2037 297 2098 mobilia
313 2047 361 2097 aut
381 2036 561 2115 inaequalia,
586 2046 616 2096 ut
631 2038 716 2098 modo
736 2038 772 2097 de
790 2057 916 2117 persona
941 2041 1052 2100 comica

51 2124 197 2197 dixeram,
221 2121 360 2182 dissident
382 2129 430 2181 aut
447 2130 547 2180 contra
568 2120 611 2198 id,
638 2121 715 2199 quod
736 2121 871 2196 dicimus,
899 2123 1049 2201 linguntur.

49 2205 96 2268 Ira
109 2208 184 2266 enirn
197 2206 364 2281 contractis,
381 2206 494 2265 tristitia
508 2202 648 2280 deductis,
666 2204 794 2265 hilaritas
808 2209 938 2267 remissis
952 2215 1051 2266 osten·

50 2291 135 2351 ditur.
167 2288 319 2349 dnnuendi
343 2305 458 2367 quoque
476 2297 505 2348 et
519 2288 658 2349 renuendi
674 2291 786 2349 ratione
808 2293 989 2350 remittuntur
1003 2298 1051 2351 aut
1142 2339 1144 2344 s

50 2374 221 2435 allevantur.
260 2371 384 2433 Naribus
407 2365 555 2450 labrisque
578 2388 635 2431 non
651 2371 714 2432 iere
736 2373 888 2452 quidquam
911 2374 1094 2438 decenterao

49 2457 245 2533 ostendimus,
263 2457 378 2516 tametsi
396 2455 510 2516 derisus
524 2456 570 2531 iis,
586 2465 784 2535 contemptus,
802 2458 945 2518 lastidium
961 2458 1048 2535 signi·

49 2541 131 2602 licari
149 2540 235 2600 solet.
266 2538 338 2599 Nam
355 2547 383 2598 ct
399 2557 569 2615 corrupere
579 2558 683 2614 norea,
699 2548 729 2598 ut
744 2539 878 2600 Horatius
895 2544 943 2616 ait,
961 2551 990 2600 et
1008 2542 1047 2599 in·

48 2625 121 2686 llare
145 2633 175 2683 et
194 2640 314 2683 movere
335 2633 364 2682 et
386 2622 476 2700 digito
494 2624 654 2702 inquietare
676 2631 705 2682 et
723 2623 807 2699 pulso
829 2624 924 2683 subito
947 2624 1048 2702 spiritu

49 2717 190 2769 excutere
216 2717 246 2766 et
263 2706 401 2767 diducere
424 2708 542 2783 saepius
565 2714 595 2766 et
616 2707 700 2784 plana
718 2724 801 2767 manu
816 2709 985 2782 resupinare
1007 2709 1047 2766 in·

48 2793 189 2854 decorum
205 2799 260 2866 est,
279 2809 342 2850 cum
358 2793 501 2850 emunctio
518 2792 603 2850 etiam
619 2791 799 2870 frequentior
813 2808 870 2851 non
882 2793 944 2850 sine
962 2809 1047 2851 causa

49 2873 290 2955 reprehendatur.
329 2873 421 2934 Labra
444 2883 473 2934 et
489 2875 673 2952 porriguntur
692 2875 767 2934 male
785 2885 814 2935 et
836 2875 1002 2934 scinduntur
1024 2885 1093 2940 ellel

48 2959 245 3036 astringuntur
266 2967 297 3018 et
319 2957 488 3018 diducuntur
513 2967 541 3018 et
561 2957 664 3018 dentes
689 2959 796 3019 nudant
819 2960 895 3019 etin
918 2959 992 3019 latus
1017 2977 1051 3018 ao

48 3061 144 3121 paene
160 3041 196 3101 ad
214 3059 312 3102 aurem
327 3040 475 3102 trahuntur
496 3050 525 3100 et
539 3042 619 3102 velut
634 3042 757 3121 quodam
773 3043 890 3103 fastidio
906 3043 1050 3120 replican-

47 3136 93 3186 tur
109 3136 139 3186 et
154 3124 283 3204 pendent
299 3135 327 3186 et
342 3142 447 3185 vocem
463 3134 570 3185 tautum
585 3125 676 3186 altera
688 3135 772 3204 parte
788 3126 936 3186 dimittunt.
971 3125 1049 3184 Lam·

47 3209 121 3270 bare
138 3224 255 3287 quoque
271 3227 306 3270 ea
322 3218 352 3269 et
372 3208 508 3268 mordere
526 3209 657 3269 deforme
676 3218 738 3284 est,
761 3228 824 3270 cum
841 3212 923 3269 etiam
942 3211 969 3267 in
987 3209 1049 3268 elii·

48 3292 160 3353 ciendis
180 3291 280 3352 verbis
295 3293 426 3353 modicus
449 3308 548 3352 eorum
565 3311 632 3353 esse
649 3292 756 3352 debeat
773 3303 881 3357 motus:
904 3309 956 3352 ure
975 3293 1048 3350 enim

47 3377 140 3456 magis
157 3393 241 3455 qnam
256 3375 346 3435 labris
361 3374 537 3456 loquendum
553 3385 606 3436 est.
638 3373 790 3436 Cervicem
808 3387 914 3436 rectam
930 3383 1049 3452 oportet
1056 3382 1092 3437 at

6 3539 7 3546 ἵ
31 3459 133 3537 'esse,
152 3475 210 3517 non
225 3460 345 3536 rigidam
362 3469 410 3520 aut
425 3461 565 3540 supinam.
597 3457 710 3520 Gollum
727 3460 841 3520 diversa
859 3459 972 3538 quidem
994 3456 1048 3518 sed
