2436 3956
307 207 811 280 rusa.01tsacu.n1n.vm,u.s.
1025 202 1062 264 51

46 371 101 425 est
116 380 234 424 caecus
248 362 417 424 secundum
433 363 515 423 ιιὲιιιιι
529 370 630 437 stare,
652 371 697 437 et,
722 365 770 442 qui
789 382 859 425 suos
875 376 953 427 artus
968 377 1065 428 morsu
1085 395 1087 400 ·

46 445 238 521 lacerasset,
261 445 378 522 lingitur
392 446 422 504 in
436 443 546 505 scholis
560 464 659 524 supro
679 465 714 508 se
729 449 868 512 cubasse.
911 449 1103 527 Ingeniosatl

45 531 133 590 lraec
154 538 185 588 et
202 530 288 589 fortia
310 521 395 588 et'ex
416 529 532 608 ancipiti
552 529 660 590 diserta
683 531 853 609 creduntur,
876 535 1064 612 pervasitque

45 615 111 673 iam
128 614 234 673 multos
249 615 304 672 ista
319 613 489 690 persuasio,
510 620 541 671 ut
561 612 589 672 id
605 615 660 678 iam
677 614 790 680 demum
806 615 957 694 eleganter
976 626 1063 694 atque

47 697 204 774 exquisite
227 695 333 756 dictum
354 703 471 774 putent,
494 697 573 774 quod
587 697 832 775 interpretandum
847 701 893 759 sit.
936 700 995 761 Sed
1015 719 1063 760 au-

46 779 200 842 ditoribus
223 782 308 840 etiam
330 779 474 839 nonnullis
494 787 577 856 grata
599 789 665 839 sunt
684 780 774 859 haec,
801 801 876 862 quae
899 799 962 843 cum
979 784 1063 843 intel·

46 865 210 924 lexerunt:
227 865 358 924 acumine
373 880 426 923 suc
442 863 625 923 delectantur
639 872 669 923 et
683 863 825 942 gaudent,
845 883 902 926 non
918 868 1000 944 quasi
1015 884 1063 926 au·

47 949 163 1008 dierint
178 947 230 1008 sed
245 949 328 1026 quasi
343 947 514 1007 invenerint.
678 1002 681 1006 .

144 1031 236 1091 Ncltis
259 1032 350 1110 prima
368 1032 405 1089 sit
418 1033 508 1090 virtus
526 1031 738 1110 perspicuitas,
756 1033 875 1112 propria
890 1034 997 1110 verba,
1018 1048 1107 1101 resa

50 1125 122 1176 ctus
141 1115 230 1190 ordo,
249 1129 307 1174 non
321 1116 349 1172 in
364 1114 481 1191 longam
496 1114 584 1174 dilata
600 1115 765 1183 conclusio:
788 1116 859 1176 nilril
873 1134 970 1195 neque
989 1117 1066 1177 desit

48 1215 156 1276 neque
177 1198 345 1277 superfluat.
385 1195 428 1257 lta
451 1212 547 1256 sermo
572 1207 602 1257 et
622 1197 716 1258 doctis
734 1199 895 1278 probabilis
915 1209 945 1259 et
961 1199 1064 1279 planus

49 1285 199 1360 imperitis
216 1283 279 1341 erit.
316 1279 397 1340 llaec
413 1280 569 1359 eloquendi
585 1280 761 1342 observatio.
800 1280 872 1342 Nam
887 1301 983 1342 rerum
998 1301 1064 1362 per·

51 1367 198 1444 spicuitas
215 1381 271 1444 quo
284 1365 370 1425 modo
385 1364 559 1443 praestanda
574 1365 627 1440 sit,
646 1366 807 1426 diximnsin
822 1368 988 1444 praeceptis
1000 1384 1064 1426 nur·
1158 1403 1162 1407 -

51 1450 190 1509 rationis.
234 1448 340 1508 Similis
362 1458 456 1508 autem
482 1450 556 1532 ratic
578 1450 669 1507 estin
692 1449 832 1508 omnibus.
876 1448 949 1510 Nam
971 1451 996 1510 si
1016 1460 1108 1514 ιιι-23

53 1551 117 1610 quc
139 1535 292 1610 pauciora,
316 1549 399 1608 quam
422 1541 553 1609 oportet,
578 1550 673 1610 neque
691 1531 887 1611 ploransque
905 1533 1065 1594 inordinata

54 1625 107 1675 aut
125 1617 288 1676 indistincta
308 1615 478 1674 dixerimus:
503 1622 585 1674 erunt
601 1616 723 1675 dilucida
740 1624 769 1675 et
787 1617 976 1693 negligenter
993 1633 1064 1694 quo·

57 1717 119 1778 que
135 1698 316 1760 audientibus
332 1706 448 1776 aperta;
472 1696 549 1775 quod
565 1707 594 1756 et
608 1699 700 1776 ipsum
715 1700 742 1756 in
759 1699 881 1759 consilio
898 1709 943 1759 est
957 1699 1064 1760 habeu-

55 1783 143 1858 dum,
159 1799 217 1843 non
232 1797 348 1860 semper
363 1791 421 1841 tam
437 1798 504 1840 esse
520 1797 616 1840 acrem
631 1781 733 1841 indicis
747 1783 949 1858 intentionem,
968 1792 998 1842 ut
1012 1782 1064 1841 ob·

53 1867 228 1926 scuritatem
246 1863 322 1944 apud
340 1868 452 1943 seipse
468 1864 602 1924 disentiat
618 1873 647 1922 et
662 1864 790 1924 tenebris
807 1867 945 1925 orationis
960 1865 1066 1924 inierat
1084 1931 1088 1938 ¹

54 1949 205 2030 quoddam
221 1948 430 2025 intelligentiae
446 1964 516 2007 suae
532 1947 642 2023 lumen,
667 1948 720 2007 sed
736 1948 832 2007 multis
849 1965 913 2007 eum
929 1947 1065 2026 frequen·

6 2079 8 2112 ,
53 2044 106 2094 ter
122 2031 346 2110 cogitationibus
364 2032 497 2107 avocari,
512 2032 567 2089 nisi
585 2039 641 2090 tam
657 2031 735 2091 clara
751 2031 871 2107 inerint,
883 2049 970 2110 ,qnae
986 2031 1065 2092 dice·

7 2169 8 2174 ,
46 2133 140 2193 mus,
165 2125 195 2176 ut
220 2119 248 2175 in
266 2116 386 2176 animum
403 2115 466 2174 eius
483 2116 592 2188 oratic,
614 2121 645 2173 ut
661 2114 706 2173 sol
720 2116 749 2174 in
766 2115 885 2190 oculos,
910 2116 1021 2174 etiamsi
1037 2115 1066 2174 in

56 2217 125 2262 eam
138 2216 196 2261 nun
210 2199 387 2273 intendatur,
403 2199 539 2257 incurrat.
573 2197 669 2270 Quare
681 2214 755 2272 non,
771 2207 802 2257 ut
817 2198 984 2275 intelligere
996 2199 1107 2276 pos-24

6 2341 7 2344 ,
56 2287 117 2359 sit,
137 2284 205 2359 sed,
222 2299 259 2343 ne
276 2282 390 2342 omuino
405 2281 500 2360 possit
514 2297 571 2340 non
585 2277 769 2358 intelligere,
793 2280 957 2340 curandum.
996 2280 1066 2340 Pro·

6 2399 8 2408 ν
56 2376 127 2448 pter
143 2367 220 2446 qnod
236 2368 321 2426 etiam
341 2365 499 2443 repetimus
520 2381 628 2443 saepe,
649 2382 723 2441 quae
739 2380 796 2423 non
811 2365 880 2424 satis
893 2365 1066 2444 percepisse
1143 2401 1145 2404 -

58 2467 131 2527 eos,
149 2452 197 2530 qui
215 2457 411 2528 cogroscunt,
432 2456 579 2525 putamus:
609 2445 697 2519 Quae
716 2463 815 2510 causo
834 2449 940 2526 utique
960 2455 1066 2510 nostro

57 2536 154 2614 culpo
171 2535 256 2596 dicto
276 2533 438 2594 obscurius
458 2538 519 2592 est:
541 2531 585 2591 od
602 2531 748 2609 plausione
762 2538 792 2592 et
811 2532 982 2593 οοιιιιιιιιιιίιι
1001 2547 1065 2592 ιιια·

49 2620 110 2700 ‘pis
120 2613 217 2681 verbo
232 2617 466 2682 descendamus,-
486 2631 549 2675 cum
564 2613 702 2691 idipsum
714 2615 821 2692 optime
838 2613 902 2688 liat,
919 2614 997 2692 quod
1012 2629 1066 2674 nos

6 2747 7 2770 2
58 2700 214 2788 aliqnando
229 2717 287 2760 non
302 2699 410 2778 optime
427 2695 535 2757 iecisse
550 2696 725 2756 simulamus.

382 2821 386 2828 “
459 2849 503 2920 nn
526 2847 667 2900 ananau.

145 2946 196 3007 lll.
224 2945 318 3005 Venio
335 2961 410 3005 nume
425 2944 460 3004 ad
479 2960 571 3003 orna
582 2952 669 3019 tum,
691 2944 720 3002 in
741 2959 799 3022 quo
816 2944 878 3016 sine
895 2941 982 3002 dubio
1000 2941 1065 3021 plus

62 3047 147 3111 quam
166 3032 196 3089 in
216 3031 324 3089 ceteris
341 3028 455 3088 dicendi
476 3025 605 3104 partibus
622 3026 678 3086 sibi
699 3025 830 3104 indulget
845 3035 953 3086 orator.
993 3025 1066 3086 Nam

62 3113 215 3176 emendate
237 3111 350 3191 quidem
375 3129 410 3172 ac
431 3109 528 3171 lucide
552 3109 706 3170 dicentium
722 3120 809 3171 tenue
831 3111 988 3187 praemium
1009 3117 1065 3184 est,

62 3197 214 3275 magisque
236 3205 267 3256 ut
279 3196 355 3256 vitiis
371 3209 472 3255 carere
491 3208 574 3270 qnam
594 3201 625 3252 ut
640 3192 764 3272 aliquam
786 3210 918 3270 magnam
932 3193 1067 3250 virtutem
1100 3255 1106 3265 x

64 3280 186 3359 adeptus
212 3279 434 3339 esseuidearis.
478 3275 608 3336 luventio
630 3292 693 3335 cum
714 3279 853 3358 imperitis
873 3293 964 3353 saepe
988 3283 1096 3336 com-2

63 3365 173 3440 munis,
200 3363 352 3442 dispositio
374 3361 506 3422 modicae
531 3359 680 3419 doctrinae
706 3361 786 3421 credi
810 3367 921 3438 potest;
945 3359 970 3417 si
991 3373 1066 3436 quae

65 3457 129 3510 arnt
154 3455 232 3507 artes
257 3445 394 3506 altiores:
420 3444 591 3524 plerumque
617 3444 817 3520 occultantur,
842 3445 972 3585 upprtes
994 3443 1065 3510 sint;
