<?xml version="1.0" encoding="UTF-8"?>
<!DOCTYPE html PUBLIC "-//W3C//DTD XHTML 1.0 Transitional//EN"
    "http://www.w3.org/TR/xhtml1/DTD/xhtml1-transitional.dtd">
<html xmlns="http://www.w3.org/1999/xhtml" xml:lang="en" lang="en">
 <head>
  <title>
</title>
<meta http-equiv="Content-Type" content="text/html;charset=utf-8" />
  <meta name='ocr-system' content='tesseract 3.04.00' />
  <meta name='ocr-capabilities' content='ocr_page ocr_carea ocr_par ocr_line ocrx_word'/>
</head>
<body>
  <div class='ocr_page' id='page_1' title='image "./mfabiiquintilia04quingoog_0078.png"; bbox 0 0 2444 3972; ppageno 0'>
   <div class='ocr_carea' id='block_1_1' title="bbox 335 169 1039 247">
    <p class='ocr_par' dir='ltr' id='par_1_1' title="bbox 335 169 1039 247">
     <span class='ocr_line' id='line_1_1' title="bbox 335 169 1039 247; baseline 0.003 -19"><span class='ocrx_word' id='word_1_1' title='bbox 335 178 761 247; x_wconf 79' lang='lat' dir='ltr'><strong>1usu.cnauoa.ma.11,o.</strong></span> <span class='ocrx_word' id='word_1_2' title='bbox 999 169 1039 230; x_wconf 83' lang='grc'><strong>69</strong></span> 
     </span>
    </p>
   </div>
   <div class='ocr_carea' id='block_1_2' title="bbox 20 335 1083 3257">
    <p class='ocr_par' dir='ltr' id='par_1_2' title="bbox 33 335 1081 1507">
     <span class='ocr_line' id='line_1_2' title="bbox 33 335 1040 416; baseline -0.001 -19"><span class='ocrx_word' id='word_1_3' title='bbox 33 399 36 406; x_wconf 80' lang='grc'>,</span> <span class='ocrx_word' id='word_1_4' title='bbox 56 339 75 398; x_wconf 90' lang='lat' dir='ltr'><strong>si</strong></span> <span class='ocrx_word' id='word_1_5' title='bbox 88 338 147 416; x_wconf 86' lang='lat' dir='ltr'><strong>quis</strong></span> <span class='ocrx_word' id='word_1_6' title='bbox 161 355 223 397; x_wconf 91' lang='lat' dir='ltr'><strong>eam</strong></span> <span class='ocrx_word' id='word_1_7' title='bbox 234 353 289 416; x_wconf 91' lang='lat' dir='ltr'><strong>per</strong></span> <span class='ocrx_word' id='word_1_8' title='bbox 302 335 410 412; x_wconf 90' lang='lat' dir='ltr'><strong>gradus</strong></span> <span class='ocrx_word' id='word_1_9' title='bbox 423 344 538 413; x_wconf 90' lang='lat' dir='ltr'><strong>augeat,</strong></span> <span class='ocrx_word' id='word_1_10' title='bbox 557 337 635 414; x_wconf 94' lang='lat' dir='ltr'><strong>quod</strong></span> <span class='ocrx_word' id='word_1_11' title='bbox 648 337 707 412; x_wconf 87' lang='lat' dir='ltr'><strong>lex,</strong></span> <span class='ocrx_word' id='word_1_12' title='bbox 724 336 802 414; x_wconf 90' lang='lat' dir='ltr'><strong>quod</strong></span> <span class='ocrx_word' id='word_1_13' title='bbox 817 337 944 415; x_wconf 88' lang='lat' dir='ltr'><strong>publica,</strong></span> <span class='ocrx_word' id='word_1_14' title='bbox 962 335 1040 416; x_wconf 93' lang='lat' dir='ltr'><strong>quod</strong></span> 
     </span>
     <span class='ocr_line' id='line_1_3' title="bbox 56 418 1038 500; baseline -0.001 -19"><span class='ocrx_word' id='word_1_15' title='bbox 56 421 83 484; x_wconf 91' lang='lat' dir='ltr'><strong>ad</strong></span> <span class='ocrx_word' id='word_1_16' title='bbox 96 421 264 500; x_wconf 79' lang='lat' dir='ltr'><strong>religionem</strong></span> <span class='ocrx_word' id='word_1_17' title='bbox 287 418 372 481; x_wconf 92' lang='lat' dir='ltr'><strong>deum</strong></span> <span class='ocrx_word' id='word_1_18' title='bbox 388 429 554 498; x_wconf 89' lang='lat' dir='ltr'><strong>comparata</strong></span> <span class='ocrx_word' id='word_1_19' title='bbox 576 422 622 480; x_wconf 90' lang='lat' dir='ltr'><strong>sit.</strong></span> <span class='ocrx_word' id='word_1_20' title='bbox 661 420 705 482; x_wconf 85' lang='lat' dir='ltr'><strong>lla</strong></span> <span class='ocrx_word' id='word_1_21' title='bbox 725 421 855 498; x_wconf 91' lang='lat' dir='ltr'><strong>quidem,</strong></span> <span class='ocrx_word' id='word_1_22' title='bbox 881 420 1038 500; x_wconf 91' lang='lat' dir='ltr'><strong>dequibus</strong></span> 
     </span>
     <span class='ocr_line' id='line_1_4' title="bbox 55 503 1081 584; baseline 0.003 -20"><span class='ocrx_word' id='word_1_23' title='bbox 55 507 141 584; x_wconf 87' lang='lat' dir='ltr'><strong>quaeri</strong></span> <span class='ocrx_word' id='word_1_24' title='bbox 155 506 250 580; x_wconf 78' lang='lat' dir='ltr'><strong>solet,</strong></span> <span class='ocrx_word' id='word_1_25' title='bbox 268 505 428 564; x_wconf 91' lang='lat' dir='ltr'><strong>communia</strong></span> <span class='ocrx_word' id='word_1_26' title='bbox 445 503 586 563; x_wconf 86' lang='lat' dir='ltr'><strong>omnibus.</strong></span> <span class='ocrx_word' id='word_1_27' title='bbox 618 505 677 564; x_wconf 82' lang='lat' dir='ltr'><strong>Aut</strong></span> <span class='ocrx_word' id='word_1_28' title='bbox 693 507 767 565; x_wconf 93' lang='lat' dir='ltr'><strong>enim</strong></span> <span class='ocrx_word' id='word_1_29' title='bbox 785 507 822 566; x_wconf 93' lang='lat' dir='ltr'><strong>de</strong></span> <span class='ocrx_word' id='word_1_30' title='bbox 839 508 901 566; x_wconf 92' lang='lat' dir='ltr'><strong>iure</strong></span> <span class='ocrx_word' id='word_1_31' title='bbox 917 505 1081 567; x_wconf 73' lang='lat' dir='ltr'><strong>dubitaribt</strong></span> 
     </span>
     <span class='ocr_line' id='line_1_5' title="bbox 54 584 1038 668; baseline -0.001 -20"><span class='ocrx_word' id='word_1_32' title='bbox 54 598 138 668; x_wconf 91' lang='lat' dir='ltr'><strong>potest</strong></span> <span class='ocrx_word' id='word_1_33' title='bbox 156 591 236 665; x_wconf 86' lang='lat' dir='ltr'><strong>eius,</strong></span> <span class='ocrx_word' id='word_1_34' title='bbox 253 590 302 667; x_wconf 91' lang='lat' dir='ltr'><strong>qui</strong></span> <span class='ocrx_word' id='word_1_35' title='bbox 316 596 418 666; x_wconf 91' lang='lat' dir='ltr'><strong>rogat,</strong></span> <span class='ocrx_word' id='word_1_36' title='bbox 434 596 465 646; x_wconf 91' lang='lat' dir='ltr'><strong>ut</strong></span> <span class='ocrx_word' id='word_1_37' title='bbox 483 587 519 647; x_wconf 93' lang='lat' dir='ltr'><strong>de</strong></span> <span class='ocrx_word' id='word_1_38' title='bbox 534 586 565 647; x_wconf 89' lang='lat' dir='ltr'><strong>P.</strong></span> <span class='ocrx_word' id='word_1_39' title='bbox 584 584 694 664; x_wconf 83' lang='lat' dir='ltr'><strong>Clodii,</strong></span> <span class='ocrx_word' id='word_1_40' title='bbox 712 590 760 666; x_wconf 93' lang='lat' dir='ltr'><strong>qui</strong></span> <span class='ocrx_word' id='word_1_41' title='bbox 777 606 835 649; x_wconf 88' lang='lat' dir='ltr'><strong>non</strong></span> <span class='ocrx_word' id='word_1_42' title='bbox 849 591 905 649; x_wconf 93' lang='lat' dir='ltr'><strong>rite</strong></span> <span class='ocrx_word' id='word_1_43' title='bbox 921 598 1038 649; x_wconf 88' lang='lat' dir='ltr'><strong>creatus</strong></span> 
     </span>
     <span class='ocr_line' id='line_1_6' title="bbox 54 671 1038 752; baseline 0 -21"><span class='ocrx_word' id='word_1_44' title='bbox 54 673 169 733; x_wconf 88' lang='lat' dir='ltr'><strong>tribunus</strong></span> <span class='ocrx_word' id='word_1_45' title='bbox 190 671 381 750; x_wconf 82' lang='lat' dir='ltr'><strong>arguebatur3</strong></span> <span class='ocrx_word' id='word_1_46' title='bbox 407 680 455 730; x_wconf 90' lang='lat' dir='ltr'><strong>aut</strong></span> <span class='ocrx_word' id='word_1_47' title='bbox 473 671 509 730; x_wconf 92' lang='lat' dir='ltr'><strong>de</strong></span> <span class='ocrx_word' id='word_1_48' title='bbox 524 671 615 748; x_wconf 91' lang='lat' dir='ltr'><strong>ipsius</strong></span> <span class='ocrx_word' id='word_1_49' title='bbox 630 675 808 750; x_wconf 78' lang='lat' dir='ltr'><strong>rogationis,</strong></span> <span class='ocrx_word' id='word_1_50' title='bbox 833 675 910 752; x_wconf 94' lang='lat' dir='ltr'><strong>quod</strong></span> <span class='ocrx_word' id='word_1_51' title='bbox 926 682 972 733; x_wconf 87' lang='lat' dir='ltr'><strong>est</strong></span> <span class='ocrx_word' id='word_1_52' title='bbox 987 690 1038 731; x_wconf 85' lang='lat' dir='ltr'><strong>va-</strong></span> 
     </span>
     <span class='ocr_line' id='line_1_7' title="bbox 53 753 1038 835; baseline 0.002 -21"><span class='ocrx_word' id='word_1_53' title='bbox 53 758 128 832; x_wconf 92' lang='lat' dir='ltr'><strong>rium,</strong></span> <span class='ocrx_word' id='word_1_54' title='bbox 149 758 212 816; x_wconf 83' lang='lat' dir='ltr'><strong>sire</strong></span> <span class='ocrx_word' id='word_1_55' title='bbox 228 772 286 815; x_wconf 93' lang='lat' dir='ltr'><strong>non</strong></span> <span class='ocrx_word' id='word_1_56' title='bbox 303 757 377 815; x_wconf 93' lang='lat' dir='ltr'><strong>trino</strong></span> <span class='ocrx_word' id='word_1_57' title='bbox 395 755 472 814; x_wconf 88' lang='lat' dir='ltr'><strong>iorte</strong></span> <span class='ocrx_word' id='word_1_58' title='bbox 487 753 611 814; x_wconf 89' lang='lat' dir='ltr'><strong>nundino</strong></span> <span class='ocrx_word' id='word_1_59' title='bbox 627 755 810 835; x_wconf 89' lang='lat' dir='ltr'><strong>promulgata</strong></span> <span class='ocrx_word' id='word_1_60' title='bbox 826 760 888 817; x_wconf 91' lang='lat' dir='ltr'><strong>sive</strong></span> <span class='ocrx_word' id='word_1_61' title='bbox 903 775 961 817; x_wconf 93' lang='lat' dir='ltr'><strong>non</strong></span> <span class='ocrx_word' id='word_1_62' title='bbox 977 757 1038 818; x_wconf 93' lang='lat' dir='ltr'><strong>ido·</strong></span> 
     </span>
     <span class='ocr_line' id='line_1_8' title="bbox 52 839 1039 921; baseline 0 -21"><span class='ocrx_word' id='word_1_63' title='bbox 52 858 98 900; x_wconf 89' lang='lat' dir='ltr'><strong>neo</strong></span> <span class='ocrx_word' id='word_1_64' title='bbox 122 841 184 916; x_wconf 89' lang='lat' dir='ltr'><strong>die,</strong></span> <span class='ocrx_word' id='word_1_65' title='bbox 213 841 277 900; x_wconf 86' lang='lat' dir='ltr'><strong>sive</strong></span> <span class='ocrx_word' id='word_1_66' title='bbox 303 848 404 900; x_wconf 84' lang='lat' dir='ltr'><strong>contra</strong></span> <span class='ocrx_word' id='word_1_67' title='bbox 430 839 671 900; x_wconf 81' lang='lat' dir='ltr'><strong>intercessionem</strong></span> <span class='ocrx_word' id='word_1_68' title='bbox 695 841 744 900; x_wconf 81' lang='lat' dir='ltr'><strong>vel</strong></span> <span class='ocrx_word' id='word_1_69' title='bbox 770 843 899 921; x_wconf 88' lang='lat' dir='ltr'><strong>auspicia</strong></span> <span class='ocrx_word' id='word_1_70' title='bbox 924 840 1039 902; x_wconf 89' lang='lat' dir='ltr'><strong>aliudve</strong></span> 
     </span>
     <span class='ocr_line' id='line_1_9' title="bbox 53 922 1038 1004; baseline 0 -20"><span class='ocrx_word' id='word_1_71' title='bbox 53 925 123 1003; x_wconf 83' lang='lat' dir='ltr'><strong>quid,</strong></span> <span class='ocrx_word' id='word_1_72' title='bbox 140 923 219 1004; x_wconf 92' lang='lat' dir='ltr'><strong>quod</strong></span> <span class='ocrx_word' id='word_1_73' title='bbox 235 923 371 1002; x_wconf 75' lang='lat' dir='ltr'><strong>legitimis</strong></span> <span class='ocrx_word' id='word_1_74' title='bbox 386 923 500 999; x_wconf 81' lang='lat' dir='ltr'><strong>obstet,</strong></span> <span class='ocrx_word' id='word_1_75' title='bbox 525 922 630 984; x_wconf 88' lang='lat' dir='ltr'><strong>dicitur</strong></span> <span class='ocrx_word' id='word_1_76' title='bbox 647 923 705 985; x_wconf 91' lang='lat' dir='ltr'><strong>lata</strong></span> <span class='ocrx_word' id='word_1_77' title='bbox 724 941 791 985; x_wconf 83' lang='lat' dir='ltr'><strong>esse</strong></span> <span class='ocrx_word' id='word_1_78' title='bbox 806 924 855 986; x_wconf 84' lang='lat' dir='ltr'><strong>vel</strong></span> <span class='ocrx_word' id='word_1_79' title='bbox 871 926 958 1002; x_wconf 89' lang='lat' dir='ltr'><strong>ferri,</strong></span> <span class='ocrx_word' id='word_1_80' title='bbox 975 925 1038 984; x_wconf 90' lang='lat' dir='ltr'><strong>sive</strong></span> 
     </span>
     <span class='ocr_line' id='line_1_10' title="bbox 52 1007 1081 1087; baseline -0.002 -17"><span class='ocrx_word' id='word_1_81' title='bbox 52 1008 124 1070; x_wconf 88' lang='lat' dir='ltr'><strong>alicui</strong></span> <span class='ocrx_word' id='word_1_82' title='bbox 137 1011 312 1071; x_wconf 87' lang='lat' dir='ltr'><strong>manentium</strong></span> <span class='ocrx_word' id='word_1_83' title='bbox 326 1007 424 1084; x_wconf 89' lang='lat' dir='ltr'><strong>legum</strong></span> <span class='ocrx_word' id='word_1_84' title='bbox 438 1025 614 1086; x_wconf 90' lang='lat' dir='ltr'><strong>repugnare.</strong></span> <span class='ocrx_word' id='word_1_85' title='bbox 639 1008 699 1069; x_wconf 89' lang='lat' dir='ltr'><strong>Sed</strong></span> <span class='ocrx_word' id='word_1_86' title='bbox 714 1009 789 1072; x_wconf 89' lang='lat' dir='ltr'><strong>haec</strong></span> <span class='ocrx_word' id='word_1_87' title='bbox 804 1009 840 1070; x_wconf 89' lang='lat' dir='ltr'><strong>ad</strong></span> <span class='ocrx_word' id='word_1_88' title='bbox 851 1009 917 1071; x_wconf 86' lang='lat' dir='ltr'><strong>illas</strong></span> <span class='ocrx_word' id='word_1_89' title='bbox 933 1010 1081 1087; x_wconf 71' lang='lat' dir='ltr'><strong>primassso</strong></span> 
     </span>
     <span class='ocr_line' id='line_1_11' title="bbox 53 1092 1040 1172; baseline 0 -20"><span class='ocrx_word' id='word_1_90' title='bbox 53 1095 263 1154; x_wconf 74' lang='lat' dir='ltr'><strong>exercitationes</strong></span> <span class='ocrx_word' id='word_1_91' title='bbox 280 1109 338 1153; x_wconf 89' lang='lat' dir='ltr'><strong>nou</strong></span> <span class='ocrx_word' id='word_1_92' title='bbox 353 1093 514 1170; x_wconf 80' lang='lat' dir='ltr'><strong>pertinent,</strong></span> <span class='ocrx_word' id='word_1_93' title='bbox 533 1109 598 1153; x_wconf 89' lang='lat' dir='ltr'><strong>uam</strong></span> <span class='ocrx_word' id='word_1_94' title='bbox 612 1100 678 1152; x_wconf 89' lang='lat' dir='ltr'><strong>sunt</strong></span> <span class='ocrx_word' id='word_1_95' title='bbox 692 1092 748 1154; x_wconf 89' lang='lat' dir='ltr'><strong>bae</strong></span> <span class='ocrx_word' id='word_1_96' title='bbox 766 1095 838 1154; x_wconf 90' lang='lat' dir='ltr'><strong>citra</strong></span> <span class='ocrx_word' id='word_1_97' title='bbox 855 1093 1040 1172; x_wconf 85' lang='lat' dir='ltr'><strong>complexum</strong></span> 
     </span>
     <span class='ocr_line' id='line_1_12' title="bbox 52 1175 1038 1256; baseline 0 -20"><span class='ocrx_word' id='word_1_98' title='bbox 52 1194 238 1255; x_wconf 82' lang='lat' dir='ltr'><strong>personarum,</strong></span> <span class='ocrx_word' id='word_1_99' title='bbox 254 1185 426 1256; x_wconf 88' lang='lat' dir='ltr'><strong>temporum,</strong></span> <span class='ocrx_word' id='word_1_100' title='bbox 445 1193 604 1236; x_wconf 89' lang='lat' dir='ltr'><strong>causarum.</strong></span> <span class='ocrx_word' id='word_1_101' title='bbox 629 1175 753 1255; x_wconf 80' lang='lat' dir='ltr'><strong>Reliqua</strong></span> <span class='ocrx_word' id='word_1_102' title='bbox 770 1177 872 1238; x_wconf 87' lang='lat' dir='ltr'><strong>eadem</strong></span> <span class='ocrx_word' id='word_1_103' title='bbox 887 1178 950 1238; x_wconf 89' lang='lat' dir='ltr'><strong>iere</strong></span> <span class='ocrx_word' id='word_1_104' title='bbox 965 1194 1038 1237; x_wconf 85' lang='lat' dir='ltr'><strong>vero</strong></span> 
     </span>
     <span class='ocr_line' id='line_1_13' title="bbox 53 1260 1081 1340; baseline -0.001 -20"><span class='ocrx_word' id='word_1_105' title='bbox 53 1263 164 1340; x_wconf 85' lang='lat' dir='ltr'><strong>lotoque</strong></span> <span class='ocrx_word' id='word_1_106' title='bbox 178 1260 344 1322; x_wconf 89' lang='lat' dir='ltr'><strong>huiusmodi</strong></span> <span class='ocrx_word' id='word_1_107' title='bbox 362 1261 519 1321; x_wconf 88' lang='lat' dir='ltr'><strong>certamine</strong></span> <span class='ocrx_word' id='word_1_108' title='bbox 540 1268 709 1323; x_wconf 79' lang='lat' dir='ltr'><strong>tractantur.</strong></span> <span class='ocrx_word' id='word_1_109' title='bbox 743 1261 816 1321; x_wconf 91' lang='lat' dir='ltr'><strong>Nam</strong></span> <span class='ocrx_word' id='word_1_110' title='bbox 832 1262 932 1322; x_wconf 89' lang='lat' dir='ltr'><strong>vitium</strong></span> <span class='ocrx_word' id='word_1_111' title='bbox 946 1271 995 1322; x_wconf 88' lang='lat' dir='ltr'><strong>aut</strong></span> <span class='ocrx_word' id='word_1_112' title='bbox 1010 1262 1081 1327; x_wconf 72' lang='lat' dir='ltr'><strong>inst</strong></span> 
     </span>
     <span class='ocr_line' id='line_1_14' title="bbox 52 1343 1038 1423; baseline 0 -19"><span class='ocrx_word' id='word_1_113' title='bbox 52 1344 134 1404; x_wconf 81' lang='lat' dir='ltr'><strong>uerbis</strong></span> <span class='ocrx_word' id='word_1_114' title='bbox 149 1355 198 1405; x_wconf 90' lang='lat' dir='ltr'><strong>aut</strong></span> <span class='ocrx_word' id='word_1_115' title='bbox 213 1347 243 1404; x_wconf 91' lang='lat' dir='ltr'><strong>in</strong></span> <span class='ocrx_word' id='word_1_116' title='bbox 257 1343 345 1404; x_wconf 90' lang='lat' dir='ltr'><strong>rebus</strong></span> <span class='ocrx_word' id='word_1_117' title='bbox 362 1353 416 1404; x_wconf 89' lang='lat' dir='ltr'><strong>est.</strong></span> <span class='ocrx_word' id='word_1_118' title='bbox 449 1343 482 1404; x_wconf 93' lang='lat' dir='ltr'><strong>ln</strong></span> <span class='ocrx_word' id='word_1_119' title='bbox 496 1343 593 1404; x_wconf 87' lang='lat' dir='ltr'><strong>verbis</strong></span> <span class='ocrx_word' id='word_1_120' title='bbox 610 1345 773 1422; x_wconf 88' lang='lat' dir='ltr'><strong>quaeritur,</strong></span> <span class='ocrx_word' id='word_1_121' title='bbox 793 1361 829 1405; x_wconf 88' lang='lat' dir='ltr'><strong>an</strong></span> <span class='ocrx_word' id='word_1_122' title='bbox 844 1347 915 1406; x_wconf 89' lang='lat' dir='ltr'><strong>satis</strong></span> <span class='ocrx_word' id='word_1_123' title='bbox 930 1345 1038 1423; x_wconf 84' lang='lat' dir='ltr'><strong>signifi·</strong></span> 
     </span>
     <span class='ocr_line' id='line_1_15' title="bbox 54 1427 1040 1507; baseline -0.001 -19"><span class='ocrx_word' id='word_1_124' title='bbox 54 1438 121 1505; x_wconf 86' lang='lat' dir='ltr'><strong>cent,</strong></span> <span class='ocrx_word' id='word_1_125' title='bbox 141 1448 176 1489; x_wconf 91' lang='lat' dir='ltr'><strong>an</strong></span> <span class='ocrx_word' id='word_1_126' title='bbox 193 1430 234 1490; x_wconf 86' lang='lat' dir='ltr'><strong>sit</strong></span> <span class='ocrx_word' id='word_1_127' title='bbox 250 1429 329 1489; x_wconf 90' lang='lat' dir='ltr'><strong>iniis</strong></span> <span class='ocrx_word' id='word_1_128' title='bbox 347 1428 456 1506; x_wconf 87' lang='lat' dir='ltr'><strong>aliquid</strong></span> <span class='ocrx_word' id='word_1_129' title='bbox 472 1427 644 1506; x_wconf 90' lang='lat' dir='ltr'><strong>ambiguum.</strong></span> <span class='ocrx_word' id='word_1_130' title='bbox 679 1428 712 1488; x_wconf 89' lang='lat' dir='ltr'><strong>ln</strong></span> <span class='ocrx_word' id='word_1_131' title='bbox 728 1429 834 1507; x_wconf 89' lang='lat' dir='ltr'><strong>rebus,</strong></span> <span class='ocrx_word' id='word_1_132' title='bbox 859 1448 896 1490; x_wconf 89' lang='lat' dir='ltr'><strong>au</strong></span> <span class='ocrx_word' id='word_1_133' title='bbox 914 1429 963 1491; x_wconf 83' lang='lat' dir='ltr'><strong>lex</strong></span> <span class='ocrx_word' id='word_1_134' title='bbox 984 1428 1040 1488; x_wconf 91' lang='lat' dir='ltr'><strong>sibi</strong></span> 
     </span>
    </p>

    <p class='ocr_par' dir='ltr' id='par_1_3' title="bbox 20 1511 1038 1590">
     <span class='ocr_line' id='line_1_16' title="bbox 20 1511 1038 1590; baseline 0.003 -21"><span class='ocrx_word' id='word_1_135' title='bbox 20 1565 23 1582; x_wconf 71' lang='lat'>‚</span> <span class='ocrx_word' id='word_1_136' title='bbox 53 1511 103 1590; x_wconf 88' lang='lat' dir='ltr'><strong>ipsa</strong></span> <span class='ocrx_word' id='word_1_137' title='bbox 118 1513 295 1588; x_wconf 84' lang='lat' dir='ltr'><strong>consentiat,</strong></span> <span class='ocrx_word' id='word_1_138' title='bbox 312 1531 350 1574; x_wconf 90' lang='lat' dir='ltr'><strong>au</strong></span> <span class='ocrx_word' id='word_1_139' title='bbox 365 1513 394 1574; x_wconf 86' lang='lat' dir='ltr'><strong>in</strong></span> <span class='ocrx_word' id='word_1_140' title='bbox 409 1512 597 1590; x_wconf 87' lang='lat' dir='ltr'><strong>praeteritum</strong></span> <span class='ocrx_word' id='word_1_141' title='bbox 613 1511 683 1575; x_wconf 86' lang='lat' dir='ltr'><strong>ferri</strong></span> <span class='ocrx_word' id='word_1_142' title='bbox 699 1513 821 1590; x_wconf 89' lang='lat' dir='ltr'><strong>debeat,</strong></span> <span class='ocrx_word' id='word_1_143' title='bbox 845 1533 881 1574; x_wconf 92' lang='lat' dir='ltr'><strong>an</strong></span> <span class='ocrx_word' id='word_1_144' title='bbox 896 1515 924 1574; x_wconf 91' lang='lat' dir='ltr'><strong>in</strong></span> <span class='ocrx_word' id='word_1_145' title='bbox 941 1516 1038 1590; x_wconf 90' lang='lat' dir='ltr'><strong>singu-</strong></span> 
     </span>
    </p>

    <p class='ocr_par' dir='ltr' id='par_1_4' title="bbox 20 1583 1040 1678">
     <span class='ocr_line' id='line_1_17' title="bbox 20 1583 1040 1678; baseline 0.001 -24"><span class='ocrx_word' id='word_1_146' title='bbox 20 1583 23 1668; x_wconf 72' lang='lat' dir='ltr'><strong>l</strong></span> <span class='ocrx_word' id='word_1_147' title='bbox 54 1595 89 1656; x_wconf 90' lang='lat' dir='ltr'><strong>los</strong></span> <span class='ocrx_word' id='word_1_148' title='bbox 106 1596 246 1658; x_wconf 88' lang='lat' dir='ltr'><strong>immines.</strong></span> <span class='ocrx_word' id='word_1_149' title='bbox 282 1595 407 1657; x_wconf 81' lang='lat' dir='ltr'><strong>llauime</strong></span> <span class='ocrx_word' id='word_1_150' title='bbox 427 1613 500 1658; x_wconf 86' lang='lat' dir='ltr'><strong>vero</strong></span> <span class='ocrx_word' id='word_1_151' title='bbox 519 1613 670 1659; x_wconf 84' lang='lat' dir='ltr'><strong>commuue</strong></span> <span class='ocrx_word' id='word_1_152' title='bbox 692 1606 737 1658; x_wconf 90' lang='lat' dir='ltr'><strong>est</strong></span> <span class='ocrx_word' id='word_1_153' title='bbox 760 1616 921 1678; x_wconf 86' lang='lat' dir='ltr'><strong>quaerere,</strong></span> <span class='ocrx_word' id='word_1_154' title='bbox 945 1598 1040 1659; x_wconf 90' lang='lat' dir='ltr'><strong>ausit</strong></span> 
     </span>
    </p>

    <p class='ocr_par' dir='ltr' id='par_1_5' title="bbox 20 1669 1083 2936">
     <span class='ocr_line' id='line_1_18' title="bbox 20 1669 1082 1761; baseline 0.005 -24"><span class='ocrx_word' id='word_1_155' title='bbox 20 1669 23 1712; x_wconf 72' lang='lat'>²</span> <span class='ocrx_word' id='word_1_156' title='bbox 55 1678 172 1758; x_wconf 84' lang='lat' dir='ltr'><strong>honesta,</strong></span> <span class='ocrx_word' id='word_1_157' title='bbox 200 1699 241 1742; x_wconf 90' lang='lat' dir='ltr'><strong>au</strong></span> <span class='ocrx_word' id='word_1_158' title='bbox 265 1680 353 1740; x_wconf 87' lang='lat' dir='ltr'><strong>utilis.</strong></span> <span class='ocrx_word' id='word_1_159' title='bbox 394 1679 458 1742; x_wconf 91' lang='lat' dir='ltr'><strong>Nec</strong></span> <span class='ocrx_word' id='word_1_160' title='bbox 484 1681 604 1756; x_wconf 85' lang='lat' dir='ltr'><strong>ignoro,</strong></span> <span class='ocrx_word' id='word_1_161' title='bbox 633 1681 734 1760; x_wconf 87' lang='lat' dir='ltr'><strong>plures</strong></span> <span class='ocrx_word' id='word_1_162' title='bbox 760 1683 824 1742; x_wconf 86' lang='lat' dir='ltr'><strong>lieri</strong></span> <span class='ocrx_word' id='word_1_163' title='bbox 850 1701 867 1742; x_wconf 92' lang='lat' dir='ltr'><strong>a</strong></span> <span class='ocrx_word' id='word_1_164' title='bbox 889 1682 1082 1761; x_wconf 85' lang='lat' dir='ltr'><strong>plerisque38</strong></span> 
     </span>
     <span class='ocr_line' id='line_1_19' title="bbox 58 1764 1038 1845; baseline 0 -21"><span class='ocrx_word' id='word_1_165' title='bbox 58 1772 147 1839; x_wconf 70' lang='lat' dir='ltr'><strong>partem</strong></span> <span class='ocrx_word' id='word_1_166' title='bbox 161 1765 220 1825; x_wconf 89' lang='lat' dir='ltr'><strong>sed</strong></span> <span class='ocrx_word' id='word_1_167' title='bbox 238 1781 293 1824; x_wconf 87' lang='lat' dir='ltr'><strong>nos</strong></span> <span class='ocrx_word' id='word_1_168' title='bbox 309 1765 429 1839; x_wconf 89' lang='lat' dir='ltr'><strong>iustum,</strong></span> <span class='ocrx_word' id='word_1_169' title='bbox 446 1765 538 1842; x_wconf 90' lang='lat' dir='ltr'><strong>pium,</strong></span> <span class='ocrx_word' id='word_1_170' title='bbox 557 1764 744 1842; x_wconf 87' lang='lat' dir='ltr'><strong>religiosum,</strong></span> <span class='ocrx_word' id='word_1_171' title='bbox 764 1775 922 1845; x_wconf 86' lang='lat' dir='ltr'><strong>ceteraque</strong></span> <span class='ocrx_word' id='word_1_172' title='bbox 939 1765 983 1824; x_wconf 90' lang='lat' dir='ltr'><strong>his</strong></span> <span class='ocrx_word' id='word_1_173' title='bbox 1001 1765 1038 1824; x_wconf 91' lang='lat' dir='ltr'><strong>si·</strong></span> 
     </span>
     <span class='ocr_line' id='line_1_20' title="bbox 56 1847 1039 1929; baseline 0.003 -25"><span class='ocrx_word' id='word_1_174' title='bbox 56 1847 115 1909; x_wconf 87' lang='lat' dir='ltr'><strong>milia</strong></span> <span class='ocrx_word' id='word_1_175' title='bbox 126 1849 254 1914; x_wconf 82' lang='lat' dir='ltr'><strong>honesto</strong></span> <span class='ocrx_word' id='word_1_176' title='bbox 271 1849 500 1928; x_wconf 85' lang='lat' dir='ltr'><strong>complectimur.</strong></span> <span class='ocrx_word' id='word_1_177' title='bbox 528 1849 600 1910; x_wconf 88' lang='lat' dir='ltr'><strong>lusti</strong></span> <span class='ocrx_word' id='word_1_178' title='bbox 614 1857 711 1910; x_wconf 86' lang='lat' dir='ltr'><strong>tamen</strong></span> <span class='ocrx_word' id='word_1_179' title='bbox 726 1851 842 1929; x_wconf 90' lang='lat' dir='ltr'><strong>species</strong></span> <span class='ocrx_word' id='word_1_180' title='bbox 858 1868 916 1910; x_wconf 89' lang='lat' dir='ltr'><strong>nou</strong></span> <span class='ocrx_word' id='word_1_181' title='bbox 931 1849 1039 1927; x_wconf 89' lang='lat' dir='ltr'><strong>simpli·</strong></span> 
     </span>
     <span class='ocr_line' id='line_1_21' title="bbox 55 1931 1039 2011; baseline 0.002 -23"><span class='ocrx_word' id='word_1_182' title='bbox 55 1931 112 1992; x_wconf 87' lang='lat' dir='ltr'><strong>citer</strong></span> <span class='ocrx_word' id='word_1_183' title='bbox 129 1933 229 1994; x_wconf 82' lang='lat' dir='ltr'><strong>excuti</strong></span> <span class='ocrx_word' id='word_1_184' title='bbox 250 1931 356 1992; x_wconf 86' lang='lat' dir='ltr'><strong>solent.</strong></span> <span class='ocrx_word' id='word_1_185' title='bbox 398 1933 457 1993; x_wconf 88' lang='lat' dir='ltr'><strong>Aut</strong></span> <span class='ocrx_word' id='word_1_186' title='bbox 479 1933 553 1994; x_wconf 91' lang='lat' dir='ltr'><strong>enim</strong></span> <span class='ocrx_word' id='word_1_187' title='bbox 569 1931 605 1992; x_wconf 90' lang='lat' dir='ltr'><strong>de</strong></span> <span class='ocrx_word' id='word_1_188' title='bbox 626 1933 740 2011; x_wconf 90' lang='lat' dir='ltr'><strong>reipsa</strong></span> <span class='ocrx_word' id='word_1_189' title='bbox 765 1935 931 2011; x_wconf 89' lang='lat' dir='ltr'><strong>quaeritur,</strong></span> <span class='ocrx_word' id='word_1_190' title='bbox 951 1941 983 1992; x_wconf 93' lang='lat' dir='ltr'><strong>ut</strong></span> <span class='ocrx_word' id='word_1_191' title='bbox 998 1932 1039 1992; x_wconf 90' lang='lat' dir='ltr'><strong>di-</strong></span> 
     </span>
     <span class='ocr_line' id='line_1_22' title="bbox 53 2017 1038 2096; baseline 0.001 -20"><span class='ocrx_word' id='word_1_192' title='bbox 53 2031 130 2089; x_wconf 78' lang='lat' dir='ltr'><strong>guane</strong></span> <span class='ocrx_word' id='word_1_193' title='bbox 140 2035 239 2096; x_wconf 90' lang='lat' dir='ltr'><strong>poena</strong></span> <span class='ocrx_word' id='word_1_194' title='bbox 254 2017 303 2077; x_wconf 88' lang='lat' dir='ltr'><strong>vel</strong></span> <span class='ocrx_word' id='word_1_195' title='bbox 319 2019 448 2096; x_wconf 88' lang='lat' dir='ltr'><strong>praemio</strong></span> <span class='ocrx_word' id='word_1_196' title='bbox 461 2018 513 2085; x_wconf 92' lang='lat' dir='ltr'><strong>sit;</strong></span> <span class='ocrx_word' id='word_1_197' title='bbox 532 2025 580 2078; x_wconf 87' lang='lat' dir='ltr'><strong>aut</strong></span> <span class='ocrx_word' id='word_1_198' title='bbox 592 2017 628 2077; x_wconf 92' lang='lat' dir='ltr'><strong>de</strong></span> <span class='ocrx_word' id='word_1_199' title='bbox 639 2017 726 2078; x_wconf 91' lang='lat' dir='ltr'><strong>modo</strong></span> <span class='ocrx_word' id='word_1_200' title='bbox 739 2019 859 2096; x_wconf 88' lang='lat' dir='ltr'><strong>praemii</strong></span> <span class='ocrx_word' id='word_1_201' title='bbox 874 2034 1038 2096; x_wconf 89' lang='lat' dir='ltr'><strong>poenaeve,</strong></span> 
     </span>
     <span class='ocr_line' id='line_1_23' title="bbox 54 2101 1082 2181; baseline 0.009 -23"><span class='ocrx_word' id='word_1_202' title='bbox 54 2101 106 2176; x_wconf 86' lang='lat' dir='ltr'><strong>quia</strong></span> <span class='ocrx_word' id='word_1_203' title='bbox 118 2109 173 2161; x_wconf 88' lang='lat' dir='ltr'><strong>tam</strong></span> <span class='ocrx_word' id='word_1_204' title='bbox 189 2102 285 2161; x_wconf 88' lang='lat' dir='ltr'><strong>maior</strong></span> <span class='ocrx_word' id='word_1_205' title='bbox 302 2119 387 2179; x_wconf 89' lang='lat' dir='ltr'><strong>quam</strong></span> <span class='ocrx_word' id='word_1_206' title='bbox 407 2104 500 2162; x_wconf 90' lang='lat' dir='ltr'><strong>minor</strong></span> <span class='ocrx_word' id='word_1_207' title='bbox 515 2101 627 2179; x_wconf 90' lang='lat' dir='ltr'><strong>culpari</strong></span> <span class='ocrx_word' id='word_1_208' title='bbox 644 2111 752 2179; x_wconf 90' lang='lat' dir='ltr'><strong>potest.</strong></span> <span class='ocrx_word' id='word_1_209' title='bbox 786 2101 903 2162; x_wconf 88' lang='lat' dir='ltr'><strong>Utilitas</strong></span> <span class='ocrx_word' id='word_1_210' title='bbox 922 2111 1082 2181; x_wconf 85' lang='lat' dir='ltr'><strong>quoque39</strong></span> 
     </span>
     <span class='ocr_line' id='line_1_24' title="bbox 52 2183 1040 2264; baseline 0.002 -23"><span class='ocrx_word' id='word_1_211' title='bbox 52 2183 148 2244; x_wconf 87' lang='lat' dir='ltr'><strong>iuterim</strong></span> <span class='ocrx_word' id='word_1_212' title='bbox 170 2195 276 2248; x_wconf 87' lang='lat' dir='ltr'><strong>natura</strong></span> <span class='ocrx_word' id='word_1_213' title='bbox 299 2185 487 2261; x_wconf 88' lang='lat' dir='ltr'><strong>discernitur,</strong></span> <span class='ocrx_word' id='word_1_214' title='bbox 511 2187 624 2246; x_wconf 89' lang='lat' dir='ltr'><strong>interim</strong></span> <span class='ocrx_word' id='word_1_215' title='bbox 646 2194 788 2264; x_wconf 92' lang='lat' dir='ltr'><strong>tempore.</strong></span> <span class='ocrx_word' id='word_1_216' title='bbox 834 2185 982 2258; x_wconf 84' lang='lat' dir='ltr'><strong>Quaedam</strong></span> <span class='ocrx_word' id='word_1_217' title='bbox 1004 2203 1040 2244; x_wconf 86' lang='lat' dir='ltr'><strong>aa</strong></span> 
     </span>
     <span class='ocr_line' id='line_1_25' title="bbox 53 2266 1040 2349; baseline 0.004 -25"><span class='ocrx_word' id='word_1_218' title='bbox 53 2266 159 2328; x_wconf 86' lang='lat' dir='ltr'><strong>obtineri</strong></span> <span class='ocrx_word' id='word_1_219' title='bbox 182 2271 313 2349; x_wconf 87' lang='lat' dir='ltr'><strong>possint,</strong></span> <span class='ocrx_word' id='word_1_220' title='bbox 342 2269 448 2346; x_wconf 81' lang='lat' dir='ltr'><strong>ambigi</strong></span> <span class='ocrx_word' id='word_1_221' title='bbox 473 2269 559 2330; x_wconf 87' lang='lat' dir='ltr'><strong>solet.</strong></span> <span class='ocrx_word' id='word_1_222' title='bbox 601 2269 646 2330; x_wconf 91' lang='lat' dir='ltr'><strong>Ne</strong></span> <span class='ocrx_word' id='word_1_223' title='bbox 668 2269 740 2330; x_wconf 89' lang='lat' dir='ltr'><strong>illud</strong></span> <span class='ocrx_word' id='word_1_224' title='bbox 762 2268 878 2349; x_wconf 94' lang='lat' dir='ltr'><strong>quidem</strong></span> <span class='ocrx_word' id='word_1_225' title='bbox 903 2270 1040 2347; x_wconf 89' lang='lat' dir='ltr'><strong>ignorare</strong></span> 
     </span>
     <span class='ocr_line' id='line_1_26' title="bbox 54 2346 1040 2433; baseline 0.002 -23"><span class='ocrx_word' id='word_1_226' title='bbox 54 2362 169 2430; x_wconf 88' lang='lat' dir='ltr'><strong>oportet,</strong></span> <span class='ocrx_word' id='word_1_227' title='bbox 186 2354 273 2432; x_wconf 84' lang='lat' dir='ltr'><strong>leges</strong></span> <span class='ocrx_word' id='word_1_228' title='bbox 288 2353 443 2433; x_wconf 90' lang='lat' dir='ltr'><strong>aliquando</strong></span> <span class='ocrx_word' id='word_1_229' title='bbox 459 2363 536 2414; x_wconf 91' lang='lat' dir='ltr'><strong>totas</strong></span> <span class='ocrx_word' id='word_1_230' title='bbox 549 2353 702 2432; x_wconf 88' lang='lat' dir='ltr'><strong>aliquando</strong></span> <span class='ocrx_word' id='word_1_231' title='bbox 716 2371 755 2414; x_wconf 89' lang='lat' dir='ltr'><strong>ex</strong></span> <span class='ocrx_word' id='word_1_232' title='bbox 765 2361 849 2433; x_wconf 92' lang='lat' dir='ltr'><strong>parte</strong></span> <span class='ocrx_word' id='word_1_233' title='bbox 863 2346 1040 2432; x_wconf 82' lang='lat' dir='ltr'><strong>reprehendi</strong></span> 
     </span>
     <span class='ocr_line' id='line_1_27' title="bbox 53 2435 1039 2517; baseline 0.003 -24"><span class='ocrx_word' id='word_1_234' title='bbox 53 2435 151 2513; x_wconf 86' lang='lat' dir='ltr'><strong>solere,</strong></span> <span class='ocrx_word' id='word_1_235' title='bbox 168 2457 236 2499; x_wconf 92' lang='lat' dir='ltr'><strong>cum</strong></span> <span class='ocrx_word' id='word_1_236' title='bbox 251 2437 416 2517; x_wconf 82' lang='lat' dir='ltr'><strong>exemplum</strong></span> <span class='ocrx_word' id='word_1_237' title='bbox 433 2439 476 2498; x_wconf 89' lang='lat' dir='ltr'><strong>rei</strong></span> <span class='ocrx_word' id='word_1_238' title='bbox 491 2440 641 2517; x_wconf 89' lang='lat' dir='ltr'><strong>utriusque</strong></span> <span class='ocrx_word' id='word_1_239' title='bbox 656 2437 741 2498; x_wconf 88' lang='lat' dir='ltr'><strong>nobis</strong></span> <span class='ocrx_word' id='word_1_240' title='bbox 758 2439 844 2499; x_wconf 88' lang='lat' dir='ltr'><strong>claris</strong></span> <span class='ocrx_word' id='word_1_241' title='bbox 861 2436 1039 2498; x_wconf 88' lang='lat' dir='ltr'><strong>orationibus</strong></span> 
     </span>
     <span class='ocr_line' id='line_1_28' title="bbox 54 2520 1083 2600; baseline 0.002 -19"><span class='ocrx_word' id='word_1_242' title='bbox 54 2520 221 2596; x_wconf 86' lang='lat' dir='ltr'><strong>praebeatur.</strong></span> <span class='ocrx_word' id='word_1_243' title='bbox 254 2521 318 2582; x_wconf 87' lang='lat' dir='ltr'><strong>Nec</strong></span> <span class='ocrx_word' id='word_1_244' title='bbox 332 2541 378 2582; x_wconf 88' lang='lat' dir='ltr'><strong>me</strong></span> <span class='ocrx_word' id='word_1_245' title='bbox 393 2523 478 2598; x_wconf 89' lang='lat' dir='ltr'><strong>fallit,</strong></span> <span class='ocrx_word' id='word_1_246' title='bbox 496 2541 547 2582; x_wconf 87' lang='lat' dir='ltr'><strong>eas</strong></span> <span class='ocrx_word' id='word_1_247' title='bbox 563 2539 680 2600; x_wconf 88' lang='lat' dir='ltr'><strong>quoque</strong></span> <span class='ocrx_word' id='word_1_248' title='bbox 695 2522 780 2600; x_wconf 86' lang='lat' dir='ltr'><strong>leges</strong></span> <span class='ocrx_word' id='word_1_249' title='bbox 792 2539 876 2598; x_wconf 89' lang='lat' dir='ltr'><strong>esse,</strong></span> <span class='ocrx_word' id='word_1_250' title='bbox 894 2540 968 2600; x_wconf 88' lang='lat' dir='ltr'><strong>quae</strong></span> <span class='ocrx_word' id='word_1_251' title='bbox 983 2528 1083 2583; x_wconf 70' lang='lat' dir='ltr'><strong>nendo</strong></span> 
     </span>
     <span class='ocr_line' id='line_1_29' title="bbox 54 2603 1040 2685; baseline 0.002 -23"><span class='ocrx_word' id='word_1_252' title='bbox 54 2603 256 2685; x_wconf 87' lang='lat' dir='ltr'><strong>inperpetuum</strong></span> <span class='ocrx_word' id='word_1_253' title='bbox 270 2615 411 2684; x_wconf 84' lang='lat' dir='ltr'><strong>rogentur</strong></span> <span class='ocrx_word' id='word_1_254' title='bbox 425 2606 479 2667; x_wconf 89' lang='lat' dir='ltr'><strong>sed</strong></span> <span class='ocrx_word' id='word_1_255' title='bbox 494 2606 531 2667; x_wconf 90' lang='lat' dir='ltr'><strong>de</strong></span> <span class='ocrx_word' id='word_1_256' title='bbox 546 2605 703 2666; x_wconf 91' lang='lat' dir='ltr'><strong>honoribus</strong></span> <span class='ocrx_word' id='word_1_257' title='bbox 720 2616 768 2667; x_wconf 94' lang='lat' dir='ltr'><strong>aut</strong></span> <span class='ocrx_word' id='word_1_258' title='bbox 782 2608 928 2684; x_wconf 91' lang='lat' dir='ltr'><strong>imperiis,</strong></span> <span class='ocrx_word' id='word_1_259' title='bbox 947 2605 1040 2683; x_wconf 89' lang='lat' dir='ltr'><strong>qualis</strong></span> 
     </span>
     <span class='ocr_line' id='line_1_30' title="bbox 52 2681 1041 2770; baseline 0.004 -25"><span class='ocrx_word' id='word_1_260' title='bbox 52 2681 152 2749; x_wconf 86' lang='lat' dir='ltr'><strong>llanilia</strong></span> <span class='ocrx_word' id='word_1_261' title='bbox 175 2691 247 2765; x_wconf 82' lang='lat' dir='ltr'><strong>fuit,</strong></span> <span class='ocrx_word' id='word_1_262' title='bbox 270 2690 307 2752; x_wconf 89' lang='lat' dir='ltr'><strong>de</strong></span> <span class='ocrx_word' id='word_1_263' title='bbox 331 2708 387 2770; x_wconf 90' lang='lat' dir='ltr'><strong>qua</strong></span> <span class='ocrx_word' id='word_1_264' title='bbox 404 2688 555 2752; x_wconf 82' lang='lat' dir='ltr'><strong>Ciceronis</strong></span> <span class='ocrx_word' id='word_1_265' title='bbox 576 2691 669 2750; x_wconf 90' lang='lat' dir='ltr'><strong>oratio</strong></span> <span class='ocrx_word' id='word_1_266' title='bbox 687 2699 741 2750; x_wconf 91' lang='lat' dir='ltr'><strong>est.</strong></span> <span class='ocrx_word' id='word_1_267' title='bbox 775 2689 834 2752; x_wconf 89' lang='lat' dir='ltr'><strong>Sed</strong></span> <span class='ocrx_word' id='word_1_268' title='bbox 852 2689 888 2750; x_wconf 91' lang='lat' dir='ltr'><strong>de</strong></span> <span class='ocrx_word' id='word_1_269' title='bbox 903 2689 949 2750; x_wconf 89' lang='lat' dir='ltr'><strong>his</strong></span> <span class='ocrx_word' id='word_1_270' title='bbox 969 2688 1041 2749; x_wconf 92' lang='lat' dir='ltr'><strong>nihil</strong></span> 
     </span>
     <span class='ocr_line' id='line_1_31' title="bbox 54 2767 1040 2854; baseline 0.002 -25"><span class='ocrx_word' id='word_1_271' title='bbox 54 2767 99 2830; x_wconf 88' lang='lat' dir='ltr'><strong>boc</strong></span> <span class='ocrx_word' id='word_1_272' title='bbox 111 2774 176 2834; x_wconf 91' lang='lat' dir='ltr'><strong>loco</strong></span> <span class='ocrx_word' id='word_1_273' title='bbox 194 2775 329 2853; x_wconf 88' lang='lat' dir='ltr'><strong>praecipi</strong></span> <span class='ocrx_word' id='word_1_274' title='bbox 343 2784 459 2854; x_wconf 90' lang='lat' dir='ltr'><strong>potest,</strong></span> <span class='ocrx_word' id='word_1_275' title='bbox 484 2783 616 2836; x_wconf 88' lang='lat' dir='ltr'><strong>constant</strong></span> <span class='ocrx_word' id='word_1_276' title='bbox 632 2775 706 2834; x_wconf 94' lang='lat' dir='ltr'><strong>enim</strong></span> <span class='ocrx_word' id='word_1_277' title='bbox 722 2776 840 2854; x_wconf 88' lang='lat' dir='ltr'><strong>propria</strong></span> <span class='ocrx_word' id='word_1_278' title='bbox 865 2791 978 2850; x_wconf 88' lang='lat' dir='ltr'><strong>rerum,</strong></span> <span class='ocrx_word' id='word_1_279' title='bbox 1004 2773 1040 2832; x_wconf 91' lang='lat' dir='ltr'><strong>de</strong></span> 
     </span>
     <span class='ocr_line' id='line_1_32' title="bbox 55 2853 668 2936; baseline 0 -20"><span class='ocrx_word' id='word_1_280' title='bbox 55 2853 141 2930; x_wconf 75' lang='lat' dir='ltr'><strong>quibus</strong></span> <span class='ocrx_word' id='word_1_281' title='bbox 156 2859 269 2936; x_wconf 81' lang='lat' dir='ltr'><strong>egitur,</strong></span> <span class='ocrx_word' id='word_1_282' title='bbox 287 2874 345 2918; x_wconf 89' lang='lat' dir='ltr'><strong>non</strong></span> <span class='ocrx_word' id='word_1_283' title='bbox 363 2861 504 2919; x_wconf 89' lang='lat' dir='ltr'><strong>communi</strong></span> <span class='ocrx_word' id='word_1_284' title='bbox 520 2859 668 2936; x_wconf 85' lang='lat' dir='ltr'><strong>qualitate.</strong></span> 
     </span>
    </p>

    <p class='ocr_par' dir='ltr' id='par_1_6' title="bbox 20 2939 1079 3070">
     <span class='ocr_line' id='line_1_33' title="bbox 20 2939 1079 3070; baseline 0 -70"><span class='ocrx_word' id='word_1_285' title='bbox 20 2959 24 3070; x_wconf 70' lang='lat' dir='ltr'><strong>p</strong></span> <span class='ocrx_word' id='word_1_286' title='bbox 122 2939 171 3000; x_wconf 87' lang='lat' dir='ltr'><strong>llis</strong></span> <span class='ocrx_word' id='word_1_287' title='bbox 187 2942 254 3004; x_wconf 85' lang='lat' dir='ltr'><strong>iere</strong></span> <span class='ocrx_word' id='word_1_288' title='bbox 270 2951 389 3004; x_wconf 84' lang='lat' dir='ltr'><strong>veteres</strong></span> <span class='ocrx_word' id='word_1_289' title='bbox 405 2943 571 3004; x_wconf 86' lang='lat' dir='ltr'><strong>facultatem</strong></span> <span class='ocrx_word' id='word_1_290' title='bbox 589 2942 702 3003; x_wconf 88' lang='lat' dir='ltr'><strong>dicendi</strong></span> <span class='ocrx_word' id='word_1_291' title='bbox 721 2949 916 3003; x_wconf 86' lang='lat' dir='ltr'><strong>exercuerunt</strong></span> <span class='ocrx_word' id='word_1_292' title='bbox 931 2945 1079 3002; x_wconf 80' lang='lat' dir='ltr'><strong>assum-41</strong></span> 
     </span>
    </p>

    <p class='ocr_par' dir='ltr' id='par_1_7' title="bbox 20 3025 1041 3106">
     <span class='ocr_line' id='line_1_34' title="bbox 20 3025 1041 3106; baseline 0.006 -28"><span class='ocrx_word' id='word_1_293' title='bbox 20 3079 21 3106; x_wconf 16' lang='grc' dir='ltr'>ἶ</span> <span class='ocrx_word' id='word_1_294' title='bbox 55 3028 94 3096; x_wconf 86' lang='lat' dir='ltr'><strong>pta</strong></span> <span class='ocrx_word' id='word_1_295' title='bbox 108 3032 199 3084; x_wconf 87' lang='lat' dir='ltr'><strong>tamen</strong></span> <span class='ocrx_word' id='word_1_296' title='bbox 216 3045 233 3086; x_wconf 91' lang='lat' dir='ltr'><strong>a</strong></span> <span class='ocrx_word' id='word_1_297' title='bbox 248 3026 411 3086; x_wconf 88' lang='lat' dir='ltr'><strong>dialecticis</strong></span> <span class='ocrx_word' id='word_1_298' title='bbox 427 3026 643 3106; x_wconf 86' lang='lat' dir='ltr'><strong>argumentandi</strong></span> <span class='ocrx_word' id='word_1_299' title='bbox 660 3026 782 3094; x_wconf 88' lang='lat' dir='ltr'><strong>ratione.</strong></span> <span class='ocrx_word' id='word_1_300' title='bbox 817 3025 890 3086; x_wconf 87' lang='lat' dir='ltr'><strong>Nam</strong></span> <span class='ocrx_word' id='word_1_301' title='bbox 906 3025 988 3086; x_wconf 84' lang='lat' dir='ltr'><strong>lictae</strong></span> <span class='ocrx_word' id='word_1_302' title='bbox 1004 3025 1041 3085; x_wconf 89' lang='lat' dir='ltr'><strong>ad</strong></span> 
     </span>
    </p>

    <p class='ocr_par' dir='ltr' id='par_1_8' title="bbox 20 3102 1082 3257">
     <span class='ocr_line' id='line_1_35' title="bbox 20 3102 1039 3190; baseline 0.004 -28"><span class='ocrx_word' id='word_1_303' title='bbox 20 3115 21 3120; x_wconf 75' lang='grc'>’</span> <span class='ocrx_word' id='word_1_304' title='bbox 55 3102 225 3170; x_wconf 72' lang='lat' dir='ltr'><strong>imilationem</strong></span> <span class='ocrx_word' id='word_1_305' title='bbox 248 3111 304 3171; x_wconf 87' lang='lat' dir='ltr'><strong>iori</strong></span> <span class='ocrx_word' id='word_1_306' title='bbox 328 3112 571 3190; x_wconf 87' lang='lat' dir='ltr'><strong>consiliorumque</strong></span> <span class='ocrx_word' id='word_1_307' title='bbox 595 3111 730 3172; x_wconf 89' lang='lat' dir='ltr'><strong>materias</strong></span> <span class='ocrx_word' id='word_1_308' title='bbox 752 3110 828 3188; x_wconf 89' lang='lat' dir='ltr'><strong>apud</strong></span> <span class='ocrx_word' id='word_1_309' title='bbox 844 3109 974 3170; x_wconf 88' lang='lat' dir='ltr'><strong>Graecos</strong></span> <span class='ocrx_word' id='word_1_310' title='bbox 999 3108 1039 3168; x_wconf 93' lang='lat' dir='ltr'><strong>di-</strong></span> 
     </span>
     <span class='ocr_line' id='line_1_36' title="bbox 56 3192 1082 3257; baseline 0.003 -8"><span class='ocrx_word' id='word_1_311' title='bbox 56 3204 76 3244; x_wconf 81' lang='lat' dir='ltr'><strong>ct</strong></span> <span class='ocrx_word' id='word_1_312' title='bbox 104 3209 113 3248; x_wconf 80' lang='lat' dir='ltr'><strong>e</strong></span> <span class='ocrx_word' id='word_1_313' title='bbox 133 3195 209 3255; x_wconf 88' lang='lat' dir='ltr'><strong>circa</strong></span> <span class='ocrx_word' id='word_1_314' title='bbox 224 3193 404 3255; x_wconf 89' lang='lat' dir='ltr'><strong>Demetrium</strong></span> <span class='ocrx_word' id='word_1_315' title='bbox 419 3196 561 3257; x_wconf 89' lang='lat' dir='ltr'><strong>Phalerea</strong></span> <span class='ocrx_word' id='word_1_316' title='bbox 578 3195 734 3255; x_wconf 90' lang='lat' dir='ltr'><strong>institutum</strong></span> <span class='ocrx_word' id='word_1_317' title='bbox 752 3193 816 3255; x_wconf 86' lang='lat' dir='ltr'><strong>iere</strong></span> <span class='ocrx_word' id='word_1_318' title='bbox 839 3201 961 3255; x_wconf 89' lang='lat' dir='ltr'><strong>constat.</strong></span> <span class='ocrx_word' id='word_1_319' title='bbox 994 3192 1082 3252; x_wconf 69' lang='lat' dir='ltr'><strong>Antb</strong></span> 
     </span>
    </p>
   </div>
   <div class='ocr_carea' id='block_1_3' title="bbox 56 3269 1041 3527">
    <p class='ocr_par' dir='ltr' id='par_1_9' title="bbox 56 3269 1041 3527">
     <span class='ocr_line' id='line_1_37' title="bbox 56 3269 1041 3356; baseline 0.002 -24"><span class='ocrx_word' id='word_1_320' title='bbox 56 3269 76 3328; x_wconf 81' lang='lat' dir='ltr'><strong>al</strong></span> <span class='ocrx_word' id='word_1_321' title='bbox 108 3292 159 3352; x_wconf 91' lang='lat' dir='ltr'><strong>pso</strong></span> <span class='ocrx_word' id='word_1_322' title='bbox 176 3276 204 3337; x_wconf 92' lang='lat' dir='ltr'><strong>id</strong></span> <span class='ocrx_word' id='word_1_323' title='bbox 222 3296 314 3356; x_wconf 84' lang='lat' dir='ltr'><strong>genus</strong></span> <span class='ocrx_word' id='word_1_324' title='bbox 331 3280 549 3340; x_wconf 83' lang='lat' dir='ltr'><strong>exercitationis</strong></span> <span class='ocrx_word' id='word_1_325' title='bbox 566 3280 602 3339; x_wconf 90' lang='lat' dir='ltr'><strong>sit</strong></span> <span class='ocrx_word' id='word_1_326' title='bbox 618 3280 778 3354; x_wconf 90' lang='lat' dir='ltr'><strong>inventum,</strong></span> <span class='ocrx_word' id='word_1_327' title='bbox 800 3288 831 3338; x_wconf 91' lang='lat' dir='ltr'><strong>ut</strong></span> <span class='ocrx_word' id='word_1_328' title='bbox 848 3278 907 3338; x_wconf 93' lang='lat' dir='ltr'><strong>alio</strong></span> <span class='ocrx_word' id='word_1_329' title='bbox 924 3293 1041 3354; x_wconf 88' lang='lat' dir='ltr'><strong>quoque</strong></span> 
     </span>
     <span class='ocr_line' id='line_1_38' title="bbox 56 3351 1041 3442; baseline 0.006 -30"><span class='ocrx_word' id='word_1_330' title='bbox 56 3351 76 3412; x_wconf 90' lang='lat' dir='ltr'><strong>lil</strong></span> <span class='ocrx_word' id='word_1_331' title='bbox 112 3375 118 3416; x_wconf 87' lang='lat' dir='ltr'><strong>t</strong></span> <span class='ocrx_word' id='word_1_332' title='bbox 134 3379 195 3420; x_wconf 90' lang='lat' dir='ltr'><strong>sum</strong></span> <span class='ocrx_word' id='word_1_333' title='bbox 212 3363 381 3439; x_wconf 84' lang='lat' dir='ltr'><strong>coufessus,</strong></span> <span class='ocrx_word' id='word_1_334' title='bbox 398 3381 499 3442; x_wconf 89' lang='lat' dir='ltr'><strong>pamm</strong></span> <span class='ocrx_word' id='word_1_335' title='bbox 515 3365 659 3442; x_wconf 87' lang='lat' dir='ltr'><strong>comperi;</strong></span> <span class='ocrx_word' id='word_1_336' title='bbox 678 3361 781 3424; x_wconf 88' lang='lat' dir='ltr'><strong>sedne</strong></span> <span class='ocrx_word' id='word_1_337' title='bbox 798 3363 826 3422; x_wconf 91' lang='lat' dir='ltr'><strong>hi</strong></span> <span class='ocrx_word' id='word_1_338' title='bbox 845 3361 975 3440; x_wconf 89' lang='lat' dir='ltr'><strong>quidem,</strong></span> <span class='ocrx_word' id='word_1_339' title='bbox 993 3359 1041 3438; x_wconf 90' lang='lat' dir='ltr'><strong>qui</strong></span> 
     </span>
     <span class='ocr_line' id='line_1_39' title="bbox 57 3432 1039 3527; baseline 0.005 -28"><span class='ocrx_word' id='word_1_340' title='bbox 57 3432 76 3494; x_wconf 72' lang='lat' dir='ltr'><strong>ht</strong></span> <span class='ocrx_word' id='word_1_341' title='bbox 118 3441 273 3507; x_wconf 78' lang='lat' dir='ltr'><strong>fortissime</strong></span> <span class='ocrx_word' id='word_1_342' title='bbox 295 3447 454 3527; x_wconf 89' lang='lat' dir='ltr'><strong>ailirmant,</strong></span> <span class='ocrx_word' id='word_1_343' title='bbox 477 3447 537 3508; x_wconf 93' lang='lat' dir='ltr'><strong>ullo</strong></span> <span class='ocrx_word' id='word_1_344' title='bbox 554 3449 623 3508; x_wconf 90' lang='lat' dir='ltr'><strong>satis</strong></span> <span class='ocrx_word' id='word_1_345' title='bbox 641 3447 748 3510; x_wconf 90' lang='lat' dir='ltr'><strong>idoneo</strong></span> <span class='ocrx_word' id='word_1_346' title='bbox 765 3455 886 3506; x_wconf 89' lang='lat' dir='ltr'><strong>auctore</strong></span> <span class='ocrx_word' id='word_1_347' title='bbox 903 3445 1039 3504; x_wconf 87' lang='lat' dir='ltr'><strong>nituntur.</strong></span> 
     </span>
    </p>
   </div>
   <div class='ocr_carea' id='block_1_4' title="bbox 0 0 1226 3972">
    <p class='ocr_par' dir='ltr' id='par_1_10' title="bbox 0 0 1226 3972">
     <span class='ocr_line' id='line_1_40' title="bbox 0 0 1226 3972; baseline 0 2"><span class='ocrx_word' id='word_1_348' title='bbox 0 0 1226 3972; x_wconf 95' lang='lat' dir='ltr'><strong> </strong></span> 
     </span>
    </p>
   </div>
  </div>
 </body>
</html>
