2436 3956
319 243 771 312 ruer.oanrca.u1e.v11,e.
1015 239 1052 302 21

52 401 254 464 contonam:
276 402 331 476 ita,
357 397 425 461 Non
443 409 488 462 est
503 399 706 478 lectantem,
725 419 784 463 aaa
802 410 845 464 est
861 401 918 465 ltoc
933 405 1055 484 depost-

51 494 127 561 tum,
143 503 205 546 nort
218 493 264 545 eat
277 485 335 546 ltoc
352 484 546 545 adulterium.
580 482 697 545 Interim
712 503 728 545 a
746 484 884 563 qualitate
901 487 936 547 ad
952 487 1083 556 linitio-2

49 587 113 629 nem
136 567 338 642 descenditur,
362 575 394 626 ut
415 568 443 625 in
463 567 625 627 actionibus
642 566 819 644 dementiae,
841 568 934 632 malae
949 579 1062 654 tracta,

47 653 152 727 tionis,
177 652 221 711 rei
244 651 379 730 publicae
401 651 515 719 laesam
541 651 569 710 ic
595 651 698 729 quibus
726 653 855 714 sirecte
879 654 1054 733 iactaesse,
1126 693 1135 706 ·

4 747 5 752 ’
47 753 125 815 quae
150 733 341 810 obiiciuntur,
365 734 421 794 dici
443 751 501 794 non
523 743 639 812 potest,
662 735 732 796 illud
754 739 912 812 succurrit,
929 736 996 800 Noa
1011 749 1056 802 est
1167 759 1171 767 ·

45 821 140 881 male
155 826 311 894 tractare,
338 837 403 879 rem
425 818 581 897 publicem
604 819 742 882 loedere.
773 817 876 880 Finitio
902 822 987 898 igitur
1013 827 1055 884 rei

45 905 220 981 propositae
235 904 355 981 propria
371 910 401 961 et
410 901 534 962 dilucida
547 910 576 961 et
592 901 719 964 breviter
734 903 945 982 comprehensa
957 906 1054 967 verbis

47 987 217 1046 enuntiatio.
251 983 371 1046 Constat
385 987 524 1065 maxime,
543 986 617 1045 sicut
634 995 679 1047 est
693 987 814 1062 dictum,
837 1005 964 1064 genere,
987 1002 1082 1069 spe-3

49 1070 114 1144 cie,
131 1069 348 1145 differentibus,
364 1070 509 1148 propriis:
533 1077 564 1128 ut
585 1071 610 1129 si
638 1069 719 1130 linias
738 1088 858 1149 equum,
878 1071 963 1150 (noto
980 1075 1054 1134 enim

45 1153 171 1214 maxime
191 1162 256 1212 utar
278 1152 430 1233 exemplo)
457 1169 549 1229 genus
576 1162 623 1213 est
642 1153 760 1230 animal,
782 1155 898 1232 species
918 1158 1051 1232 mortale,

45 1236 210 1297 differentia
234 1237 421 1312 irrationale,
453 1237 538 1314 (nam
566 1245 595 1295 et
622 1236 709 1296 homo
736 1238 859 1298 mortale
880 1240 963 1318 erat)
986 1259 1053 1316 pro·

44 1321 140 1398 prium
155 1317 295 1379 hinniens.
322 1319 402 1380 Haec
414 1317 565 1380 adhibetur
579 1321 702 1379 orationi
714 1318 843 1399 pluribus
857 1322 961 1380 causis.
984 1322 1083 1388 Nam4

45 1412 105 1462 tum
122 1413 169 1462 est
192 1411 302 1464 certum
327 1403 364 1463 de
379 1404 494 1462 nomine
510 1402 562 1462 sed
583 1405 746 1482 quaeritur,
769 1421 843 1480 quae
859 1422 908 1463 res
923 1406 950 1464 ei
967 1405 1056 1466 subii-

46 1486 150 1546 cienda
171 1487 223 1550 sit:
244 1494 302 1545 tum
322 1504 370 1545 res
393 1494 439 1545 est
459 1487 620 1546 manifesta.
651 1485 689 1546 Et
707 1487 784 1566 quod
799 1489 913 1547 nmnine
930 1499 1052 1566 constat,

45 1569 82 1629 de
109 1587 143 1628 re
158 1569 273 1630 dubium
294 1578 356 1644 est,
382 1570 493 1629 interim
513 1570 681 1630 coniectura
704 1579 763 1630 est:
787 1579 818 1630 ut
839 1573 863 1630 si
887 1583 1051 1650 quaeratur,

46 1653 270 1730 qaidsitdetta.
297 1650 388 1728 Nam,
406 1652 493 1732 quiid
508 1661 611 1729 neget,
628 1654 718 1714 deam
730 1673 798 1716 csse
806 1656 947 1732 spiritum
958 1659 1052 1717 omni·
1065 1669 1081 1720 5

48 1737 107 1796 tas
118 1737 259 1814 portibus
279 1737 463 1812 immixtum,
481 1752 538 1795 non
553 1735 611 1795 hoc
626 1735 718 1810 dicat,
740 1735 841 1796 falsam
856 1755 923 1798 esse
939 1739 1052 1800 divinae

45 1817 127 1878 illius
148 1828 267 1880 naturae
289 1815 538 1898 appellationem?
561 1820 635 1877 sicut
656 1817 818 1896 Epicurus,
841 1822 890 1897 qui
905 1820 1052 1882 humanam

44 1904 73 1962 ei
96 1902 217 1964 formam
243 1902 398 1981 locumque
424 1904 499 1962 inter
519 1901 639 1962 mundos
663 1901 751 1963 dedit.
790 1900 912 1962 Nomine
930 1912 1052 1982 uterque
1101 1921 1104 1924 ·

45 2003 102 2046 uno
121 1988 223 2053 utitur:
247 1996 341 2046 utrum
356 1987 394 2046 sit
413 1987 441 2044 ia
455 2003 505 2060 re,
530 1985 684 2044 coniectat.
722 1983 838 2044 Interim
858 1986 981 2064 qualitas
997 1997 1082 2052 tra-6

45 2077 157 2145 ctatur,
174 2076 206 2128 ut
225 2071 300 2147 quid
318 2071 360 2132 sit
373 2070 543 2145 rhetorice,
564 2071 612 2129 ais
622 2069 839 2146 pernocendi
853 2087 894 2130 on
909 2071 985 2132 lenc
1003 2074 1051 2132 di-

43 2154 138 2216 aendi
152 2153 305 2214 scientio?
335 2151 419 2226 Quod
435 2170 528 2229 genus
545 2160 590 2211 est
605 2153 633 2210 in
651 2150 763 2212 iudiciis
778 2151 1050 2229 frequentissimum.

40 2237 95 2296 Sic
113 2237 187 2295 enim
203 2238 366 2314 quaeritur,
382 2253 424 2297 en
439 2234 647 2315 deprehensus
659 2236 692 2295 tc
707 2236 855 2313 lupanari
868 2254 936 2297 cum
949 2237 1053 2299 alieno

40 2337 146 2380 maora
164 2319 287 2382 adulter
305 2321 368 2381 cit?
392 2320 534 2397 quianon
553 2318 590 2378 de
605 2317 802 2397 appellatione
820 2319 873 2379 sed
888 2318 924 2378 de
941 2320 969 2378 vi
984 2319 1052 2380 laeti

41 2403 110 2463 eius
133 2403 300 2480 ambigitur,
322 2420 358 2462 an
379 2404 493 2463 omnino
511 2403 688 2480 peccaverit.
725 2400 796 2462 Nam
820 2403 844 2461 si
866 2405 1051 2480 peccaverit:

40 2503 103 2546 non
126 2495 225 2564 potest
249 2505 316 2546 esse
338 2487 414 2547 aliud
437 2505 521 2565 quam
549 2485 671 2546 adulter.
705 2485 859 2546 Diversum
881 2495 926 2546 eet
948 2499 1079 2564 genunt

42 2587 111 2629 eum
123 2567 322 2639 controversia
334 2571 467 2630 consistit
481 2571 510 2629 in
526 2570 656 2644 nomine,
671 2568 749 2647 quod
759 2569 866 2647 pendet
881 2588 919 2629 ex
930 2573 1052 2649 scripto,

39 2669 100 2714 nec
126 2662 260 2714 versatur
282 2656 311 2714 in
330 2654 444 2713 indiciis
466 2654 521 2713 nisi
543 2661 666 2732 propter
687 2652 794 2727 rerba,
816 2669 891 2729 quae
912 2653 992 2712 litem
1011 2652 1052 2713 ia·

40 2737 141 2797 ciunt:
170 2734 237 2812 Aa,
253 2739 307 2816 qai
319 2757 353 2799 se
368 2737 528 2816 interficit,
543 2737 699 2798 homicida
710 2737 771 2796 sit?
797 2731 863 2811 Aa,
879 2737 932 2812 qttt'
946 2745 1052 2815 tyron-

38 2840 118 2882 mum
131 2821 164 2882 in
178 2829 302 2885 mortem
319 2823 478 2899 compulit,
494 2820 714 2900 tyrannicida?
727 2816 776 2880 Aa
793 2821 933 2880 carmina
947 2838 1052 2899 mcqo-
1099 2823 1103 2826 ’

40 2923 114 2967 rtem
139 2905 340 2982 veneficium?
370 2905 431 2965 Res
453 2905 527 2964 enim
552 2903 704 2965 manifesta
727 2911 787 2978 est,
809 2903 973 2982 sciturque,
995 2920 1053 2963 non

39 2989 121 3050 idem
136 3007 205 3048 esse
224 2990 362 3050 occidere
379 3008 412 3048 se
429 2988 507 3067 quod
523 2987 625 3063 alium,
640 3002 697 3046 non
712 2986 788 3046 idem
803 2986 940 3046 occidere
956 2995 1051 3062 tyran·

39 3089 111 3132 num
130 3072 209 3150 quod
225 3073 405 3151 compellere
418 3073 453 3133 ad
469 3080 608 3145 mortem,
626 3087 683 3129 non
698 3069 773 3130 idem
790 3070 914 3130 carmina
927 3087 962 3130 ac
977 3085 1052 3130 mor·

38 3155 159 3215 literam
177 3157 339 3234 potionem
357 3157 504 3235 quaeritur
519 3163 633 3230 tamen,
650 3171 686 3214 an
703 3153 806 3214 eodem
824 3155 937 3236 nomine
952 3152 1052 3231 appel-

38 3238 130 3299 landa
152 3239 218 3298 sint.

130 3321 300 3400 Quanquam
317 3331 412 3383 autem
432 3322 586 3384 dissentire
606 3323 655 3382 vix
678 3321 772 3382 audeo
794 3339 810 3380 a
826 3318 987 3393 Cicerone,
1003 3319 1081 3397 quie
1180 3396 1183 3401 q

40 3406 151 3466 multos
178 3414 296 3465 secutus
319 3414 454 3466 auctores
475 3405 559 3480 dicit,
584 3406 740 3465 linitionem
763 3422 830 3463 esse
852 3404 887 3463 de
906 3402 1008 3462 eodem
1024 3411 1053 3461 et

40 3487 84 3548 do
99 3489 209 3558 altero;
232 3506 348 3567 semper
368 3490 500 3566 neganti,
523 3488 641 3567 aliquod
662 3505 729 3548 esse
746 3487 867 3564 nomen,
889 3484 1051 3563 dicendum,
