<?xml version="1.0" encoding="UTF-8"?>
<!DOCTYPE html PUBLIC "-//W3C//DTD XHTML 1.0 Transitional//EN"
    "http://www.w3.org/TR/xhtml1/DTD/xhtml1-transitional.dtd">
<html xmlns="http://www.w3.org/1999/xhtml" xml:lang="en" lang="en">
 <head>
  <title>
</title>
<meta http-equiv="Content-Type" content="text/html;charset=utf-8" />
  <meta name='ocr-system' content='tesseract 3.04.00' />
  <meta name='ocr-capabilities' content='ocr_page ocr_carea ocr_par ocr_line ocrx_word'/>
</head>
<body>
  <div class='ocr_page' id='page_1' title='image "./mfabiiquintilia04quingoog_0350.png"; bbox 0 0 2436 3956; ppageno 0'>
   <div class='ocr_carea' id='block_1_1' title="bbox 306 199 1037 278">
    <p class='ocr_par' dir='ltr' id='par_1_1' title="bbox 306 199 1037 278">
     <span class='ocr_line' id='line_1_1' title="bbox 306 199 1037 278; baseline 0.005 -20"><span class='ocrx_word' id='word_1_1' title='bbox 306 208 767 278; x_wconf 77' lang='lat' dir='ltr'><em>1nsn.0unr0n.u1u.vu1,s.</em></span> <span class='ocrx_word' id='word_1_2' title='bbox 993 199 1037 262; x_wconf 74' lang='lat'><em>63</em></span> 
     </span>
    </p>
   </div>
   <div class='ocr_carea' id='block_1_2' title="bbox 18 365 1155 3514">
    <p class='ocr_par' dir='ltr' id='par_1_2' title="bbox 47 365 1038 527">
     <span class='ocr_line' id='line_1_2' title="bbox 47 365 1038 444; baseline -0.002 -16"><span class='ocrx_word' id='word_1_3' title='bbox 47 365 164 428; x_wconf 84' lang='lat' dir='ltr'><em>cidont:</em></span> <span class='ocrx_word' id='word_1_4' title='bbox 184 367 229 426; x_wconf 91' lang='lat' dir='ltr'><em>ita</em></span> <span class='ocrx_word' id='word_1_5' title='bbox 250 373 355 444; x_wconf 77' lang='lat' dir='ltr'><strong><em>turpes</em></strong></span> <span class='ocrx_word' id='word_1_6' title='bbox 375 383 415 426; x_wconf 89' lang='lat' dir='ltr'><em>oc</em></span> <span class='ocrx_word' id='word_1_7' title='bbox 427 366 631 442; x_wconf 88' lang='lat' dir='ltr'><em>perniciosos,</em></span> <span class='ocrx_word' id='word_1_8' title='bbox 654 366 772 426; x_wconf 78' lang='lat' dir='ltr'><em>edumei</em></span> <span class='ocrx_word' id='word_1_9' title='bbox 785 367 872 427; x_wconf 90' lang='lat' dir='ltr'><em>nobis</em></span> <span class='ocrx_word' id='word_1_10' title='bbox 886 367 1038 444; x_wconf 73' lang='lat' dir='ltr'><em>sanquine</em></span> 
     </span>
     <span class='ocr_line' id='line_1_3' title="bbox 48 446 1034 527; baseline -0.001 -18"><span class='ocrx_word' id='word_1_11' title='bbox 48 449 240 524; x_wconf 71' lang='lat' dir='ltr'><em>cohaereant,</em></span> <span class='ocrx_word' id='word_1_12' title='bbox 262 449 473 527; x_wconf 88' lang='lat' dir='ltr'><em>amputandos.</em></span> <span class='ocrx_word' id='word_1_13' title='bbox 510 446 568 506; x_wconf 90' lang='lat' dir='ltr'><em>lam</em></span> <span class='ocrx_word' id='word_1_14' title='bbox 584 447 732 506; x_wconf 81' lang='lat' dir='ltr'>sublimius</span> <span class='ocrx_word' id='word_1_15' title='bbox 754 447 825 508; x_wconf 90' lang='lat' dir='ltr'><em>illud</em></span> <span class='ocrx_word' id='word_1_16' title='bbox 840 466 893 526; x_wconf 90' lang='lat' dir='ltr'><em>pro</em></span> <span class='ocrx_word' id='word_1_17' title='bbox 909 448 1034 510; x_wconf 81' lang='lat' dir='ltr'><em>Archia:</em></span> 
     </span>
    </p>

    <p class='ocr_par' dir='ltr' id='par_1_3' title="bbox 45 529 1136 942">
     <span class='ocr_line' id='line_1_4' title="bbox 46 529 1136 610; baseline 0.002 -19"><span class='ocrx_word' id='word_1_18' title='bbox 46 529 129 592; x_wconf 80' lang='lat' dir='ltr'><em>Susa</em></span> <span class='ocrx_word' id='word_1_19' title='bbox 143 539 235 609; x_wconf 79' lang='lat' dir='ltr'><em>atque</em></span> <span class='ocrx_word' id='word_1_20' title='bbox 248 533 425 593; x_wconf 72' lang='lat' dir='ltr'><em>solitudines</em></span> <span class='ocrx_word' id='word_1_21' title='bbox 438 532 505 592; x_wconf 89' lang='lat' dir='ltr'><em>ooci</em></span> <span class='ocrx_word' id='word_1_22' title='bbox 518 532 713 610; x_wconf 87' lang='lat' dir='ltr'><em>respondent,</em></span> <span class='ocrx_word' id='word_1_23' title='bbox 735 532 851 594; x_wconf 86' lang='lat' dir='ltr'><em>bestiae</em></span> <span class='ocrx_word' id='word_1_24' title='bbox 869 548 963 610; x_wconf 83' lang='lat' dir='ltr'><em>saepe</em></span> <span class='ocrx_word' id='word_1_25' title='bbox 977 535 1033 593; x_wconf 85' lang='lat' dir='ltr'><em>im-</em></span> <span class='ocrx_word' id='word_1_26' title='bbox 1135 549 1136 554; x_wconf 50' lang='lat'>¹</span> 
     </span>
     <span class='ocr_line' id='line_1_5' title="bbox 45 613 1080 692; baseline 0.006 -18"><span class='ocrx_word' id='word_1_27' title='bbox 45 633 144 676; x_wconf 86' lang='lat' dir='ltr'><em>manes</em></span> <span class='ocrx_word' id='word_1_28' title='bbox 166 621 258 676; x_wconf 87' lang='lat' dir='ltr'><em>contu</em></span> <span class='ocrx_word' id='word_1_29' title='bbox 280 613 444 692; x_wconf 69' lang='lat' dir='ltr'><em>flectuntur</em></span> <span class='ocrx_word' id='word_1_30' title='bbox 465 621 558 691; x_wconf 82' lang='lat' dir='ltr'><em>atque</em></span> <span class='ocrx_word' id='word_1_31' title='bbox 577 615 744 675; x_wconf 69' lang='lat' dir='ltr'><em>consistant</em></span> <span class='ocrx_word' id='word_1_32' title='bbox 763 622 792 674; x_wconf 87' lang='lat' dir='ltr'><em>et</em></span> <span class='ocrx_word' id='word_1_33' title='bbox 810 623 918 674; x_wconf 88' lang='lat' dir='ltr'><em>cetera.</em></span> <span class='ocrx_word' id='word_1_34' title='bbox 950 615 1034 688; x_wconf 83' lang='lat' dir='ltr'><em>Quod</em></span> <span class='ocrx_word' id='word_1_35' title='bbox 1043 623 1080 680; x_wconf 85' lang='grc'><em>76</em></span> 
     </span>
     <span class='ocr_line' id='line_1_6' title="bbox 47 695 1035 776; baseline 0.003 -21"><span class='ocrx_word' id='word_1_36' title='bbox 47 695 153 774; x_wconf 86' lang='lat' dir='ltr'><em>quidem</em></span> <span class='ocrx_word' id='word_1_37' title='bbox 176 712 269 774; x_wconf 82' lang='lat' dir='ltr'><em>genus</em></span> <span class='ocrx_word' id='word_1_38' title='bbox 295 715 311 757; x_wconf 92' lang='lat' dir='ltr'><em>a</em></span> <span class='ocrx_word' id='word_1_39' title='bbox 340 697 508 776; x_wconf 84' lang='lat' dir='ltr'><em>quibusdam</em></span> <span class='ocrx_word' id='word_1_40' title='bbox 532 695 737 756; x_wconf 85' lang='lat' dir='ltr'><em>declamatoria</em></span> <span class='ocrx_word' id='word_1_41' title='bbox 764 700 886 758; x_wconf 84' lang='lat' dir='ltr'><em>maxime</em></span> <span class='ocrx_word' id='word_1_42' title='bbox 919 698 1035 759; x_wconf 89' lang='lat' dir='ltr'><em>licentia</em></span> 
     </span>
     <span class='ocr_line' id='line_1_7' title="bbox 47 774 1034 859; baseline 0.002 -21"><span class='ocrx_word' id='word_1_43' title='bbox 47 780 206 858; x_wconf 85' lang='lat' dir='ltr'><em>corruptum</em></span> <span class='ocrx_word' id='word_1_44' title='bbox 228 791 283 839; x_wconf 88' lang='lat' dir='ltr'><em>est.</em></span> <span class='ocrx_word' id='word_1_45' title='bbox 320 774 391 840; x_wconf 87' lang='lat' dir='ltr'><em>Nam</em></span> <span class='ocrx_word' id='word_1_46' title='bbox 416 789 446 839; x_wconf 91' lang='lat' dir='ltr'><em>et</em></span> <span class='ocrx_word' id='word_1_47' title='bbox 460 779 541 838; x_wconf 87' lang='lat' dir='ltr'><em>falsis</em></span> <span class='ocrx_word' id='word_1_48' title='bbox 557 789 689 854; x_wconf 89' lang='lat' dir='ltr'><em>utuntur,</em></span> <span class='ocrx_word' id='word_1_49' title='bbox 713 795 768 840; x_wconf 89' lang='lat' dir='ltr'><em>nec</em></span> <span class='ocrx_word' id='word_1_50' title='bbox 788 781 837 840; x_wconf 90' lang='lat' dir='ltr'><em>illa</em></span> <span class='ocrx_word' id='word_1_51' title='bbox 853 781 906 856; x_wconf 86' lang='lat' dir='ltr'><em>iis,</em></span> <span class='ocrx_word' id='word_1_52' title='bbox 932 781 1034 859; x_wconf 86' lang='lat' dir='ltr'><em>quibus</em></span> 
     </span>
     <span class='ocr_line' id='line_1_8' title="bbox 46 863 1037 942; baseline 0.003 -23"><span class='ocrx_word' id='word_1_53' title='bbox 46 863 141 923; x_wconf 82' lang='lat' dir='ltr'><strong>similia</strong></span> <span class='ocrx_word' id='word_1_54' title='bbox 159 864 252 924; x_wconf 83' lang='lat' dir='ltr'><em>videri</em></span> <span class='ocrx_word' id='word_1_55' title='bbox 275 863 398 938; x_wconf 73' lang='lat' dir='ltr'><em>volunt,</em></span> <span class='ocrx_word' id='word_1_56' title='bbox 418 863 573 941; x_wconf 86' lang='lat' dir='ltr'><em>applicant.</em></span> <span class='ocrx_word' id='word_1_57' title='bbox 616 863 743 936; x_wconf 77' lang='lat' dir='ltr'><em>Quorum</em></span> <span class='ocrx_word' id='word_1_58' title='bbox 772 873 923 942; x_wconf 87' lang='lat' dir='ltr'><em>utrumque</em></span> <span class='ocrx_word' id='word_1_59' title='bbox 943 867 971 922; x_wconf 94' lang='lat' dir='ltr'><em>in</em></span> <span class='ocrx_word' id='word_1_60' title='bbox 991 864 1037 923; x_wconf 88' lang='lat' dir='ltr'><em>his</em></span> 
     </span>
    </p>

    <p class='ocr_par' dir='ltr' id='par_1_4' title="bbox 46 945 1155 1273">
     <span class='ocr_line' id='line_1_9' title="bbox 47 945 1037 1025; baseline 0.005 -23"><span class='ocrx_word' id='word_1_61' title='bbox 47 953 98 1019; x_wconf 87' lang='lat' dir='ltr'><em>est,</em></span> <span class='ocrx_word' id='word_1_62' title='bbox 113 963 186 1023; x_wconf 87' lang='lat' dir='ltr'><em>quae</em></span> <span class='ocrx_word' id='word_1_63' title='bbox 196 964 243 1006; x_wconf 92' lang='lat' dir='ltr'><em>me</em></span> <span class='ocrx_word' id='word_1_64' title='bbox 257 948 361 1006; x_wconf 85' lang='lat' dir='ltr'><em>iurene</em></span> <span class='ocrx_word' id='word_1_65' title='bbox 375 946 481 1023; x_wconf 89' lang='lat' dir='ltr'><em>ubique</em></span> <span class='ocrx_word' id='word_1_66' title='bbox 495 945 760 1014; x_wconf 82' lang='lat' dir='ltr'><em>cantarisol‘ebaut:</em></span> <span class='ocrx_word' id='word_1_67' title='bbox 782 945 963 1025; x_wconf 75' lang='lat' dir='ltr'><em>Mopnorurn</em></span> <span class='ocrx_word' id='word_1_68' title='bbox 976 945 1037 1024; x_wconf 71' lang='lat' dir='ltr'><em>flu·</em></span> 
     </span>
     <span class='ocr_line' id='line_1_10' title="bbox 46 1029 1155 1108; baseline 0.003 -20"><span class='ocrx_word' id='word_1_69' title='bbox 46 1031 150 1089; x_wconf 86' lang='lat' dir='ltr'><em>ninum</em></span> <span class='ocrx_word' id='word_1_70' title='bbox 163 1031 353 1108; x_wconf 75' lang='lat' dir='ltr'><em>nooipobiles</em></span> <span class='ocrx_word' id='word_1_71' title='bbox 365 1030 464 1108; x_wconf 77' lang='lat' dir='ltr'><em>sontes</em></span> <span class='ocrx_word' id='word_1_72' title='bbox 478 1039 557 1104; x_wconf 86' lang='lat' dir='ltr'><em>sunt,</em></span> <span class='ocrx_word' id='word_1_73' title='bbox 575 1037 605 1087; x_wconf 88' lang='lat' dir='ltr'><em>et</em></span> <span class='ocrx_word' id='word_1_74' title='bbox 619 1030 826 1092; x_wconf 86' lang='lat' dir='ltr'><em>Generosioris</em></span> <span class='ocrx_word' id='word_1_75' title='bbox 837 1029 960 1091; x_wconf 72' lang='lat' dir='ltr'><em>orborm</em></span> <span class='ocrx_word' id='word_1_76' title='bbox 971 1038 1035 1091; x_wconf 90' lang='lat' dir='ltr'><em>stu-</em></span> <span class='ocrx_word' id='word_1_77' title='bbox 1152 1099 1155 1107; x_wconf 33' lang='lat'><strong><em>¹</em></strong></span> 
     </span>
     <span class='ocr_line' id='line_1_11' title="bbox 47 1111 1077 1193; baseline 0.006 -23"><span class='ocrx_word' id='word_1_78' title='bbox 47 1112 93 1171; x_wconf 86' lang='lat' dir='ltr'><em>tim</em></span> <span class='ocrx_word' id='word_1_79' title='bbox 113 1113 224 1190; x_wconf 89' lang='lat' dir='ltr'><em>planta</em></span> <span class='ocrx_word' id='word_1_80' title='bbox 248 1131 316 1174; x_wconf 89' lang='lat' dir='ltr'><em>cum</em></span> <span class='ocrx_word' id='word_1_81' title='bbox 337 1114 440 1189; x_wconf 69' lang='lat' dir='ltr'><em>fructa</em></span> <span class='ocrx_word' id='word_1_82' title='bbox 465 1121 519 1172; x_wconf 85' lang='lat' dir='ltr'><em>est.</em></span> <span class='ocrx_word' id='word_1_83' title='bbox 561 1111 592 1170; x_wconf 91' lang='lat' dir='ltr'><em>ln</em></span> <span class='ocrx_word' id='word_1_84' title='bbox 615 1113 809 1172; x_wconf 85' lang='lat' dir='ltr'><em>omni-autem</em></span> <span class='ocrx_word' id='word_1_85' title='bbox 831 1113 972 1193; x_wconf 83' lang='lat' dir='ltr'><em>parabole</em></span> <span class='ocrx_word' id='word_1_86' title='bbox 989 1119 1077 1176; x_wconf 78' lang='lat' dir='ltr'><em>eutii</em></span> 
     </span>
     <span class='ocr_line' id='line_1_12' title="bbox 47 1195 1146 1273; baseline 0.005 -21"><span class='ocrx_word' id='word_1_87' title='bbox 47 1195 189 1271; x_wconf 88' lang='lat' dir='ltr'><em>praecedit</em></span> <span class='ocrx_word' id='word_1_88' title='bbox 202 1195 377 1269; x_wconf 77' lang='lat' dir='ltr'><em>similitudo,</em></span> <span class='ocrx_word' id='word_1_89' title='bbox 392 1212 439 1252; x_wconf 93' lang='lat' dir='ltr'><em>res</em></span> <span class='ocrx_word' id='word_1_90' title='bbox 456 1195 602 1272; x_wconf 89' lang='lat' dir='ltr'><em>sequitur,</em></span> <span class='ocrx_word' id='word_1_91' title='bbox 619 1204 667 1254; x_wconf 90' lang='lat' dir='ltr'><em>aut</em></span> <span class='ocrx_word' id='word_1_92' title='bbox 682 1197 832 1273; x_wconf 88' lang='lat' dir='ltr'><em>praecedit</em></span> <span class='ocrx_word' id='word_1_93' title='bbox 853 1214 901 1254; x_wconf 89' lang='lat' dir='ltr'><em>res</em></span> <span class='ocrx_word' id='word_1_94' title='bbox 917 1204 947 1256; x_wconf 89' lang='lat' dir='ltr'><em>et</em></span> <span class='ocrx_word' id='word_1_95' title='bbox 960 1197 1035 1254; x_wconf 90' lang='lat' dir='ltr'><em>simi·</em></span> <span class='ocrx_word' id='word_1_96' title='bbox 1141 1247 1146 1258; x_wconf 81' lang='grc'><em>,</em></span> 
     </span>
    </p>

    <p class='ocr_par' dir='ltr' id='par_1_5' title="bbox 18 1275 1035 1359">
     <span class='ocr_line' id='line_1_13' title="bbox 18 1275 1035 1359; baseline 0.002 -25"><span class='ocrx_word' id='word_1_97' title='bbox 18 1347 20 1354; x_wconf 16' lang='lat' dir='ltr'>y</span> <span class='ocrx_word' id='word_1_98' title='bbox 46 1275 129 1336; x_wconf 93' lang='lat' dir='ltr'><em>litudo</em></span> <span class='ocrx_word' id='word_1_99' title='bbox 146 1281 286 1359; x_wconf 85' lang='lat' dir='ltr'><em>sequitur.</em></span> <span class='ocrx_word' id='word_1_100' title='bbox 324 1278 383 1338; x_wconf 87' lang='lat' dir='ltr'><em>Sed</em></span> <span class='ocrx_word' id='word_1_101' title='bbox 398 1277 510 1336; x_wconf 86' lang='lat' dir='ltr'><strong>interim</strong></span> <span class='ocrx_word' id='word_1_102' title='bbox 527 1275 618 1336; x_wconf 86' lang='lat' dir='ltr'><em>libera</em></span> <span class='ocrx_word' id='word_1_103' title='bbox 640 1286 669 1336; x_wconf 87' lang='lat' dir='ltr'><em>et</em></span> <span class='ocrx_word' id='word_1_104' title='bbox 683 1287 816 1357; x_wconf 84' lang='lat' dir='ltr'><em>separato</em></span> <span class='ocrx_word' id='word_1_105' title='bbox 829 1288 891 1347; x_wconf 80' lang='lat' dir='ltr'><em>est;</em></span> <span class='ocrx_word' id='word_1_106' title='bbox 912 1280 1035 1354; x_wconf 90' lang='lat' dir='ltr'><em>interim,</em></span> 
     </span>
    </p>

    <p class='ocr_par' dir='ltr' id='par_1_6' title="bbox 18 1358 1107 1670">
     <span class='ocr_line' id='line_1_14' title="bbox 18 1358 1034 1440; baseline 0.002 -22"><span class='ocrx_word' id='word_1_107' title='bbox 18 1433 20 1440; x_wconf 15' lang='grc' dir='ltr'><em>γ</em></span> <span class='ocrx_word' id='word_1_108' title='bbox 48 1358 117 1436; x_wconf 84' lang='lat' dir='ltr'><em>quod</em></span> <span class='ocrx_word' id='word_1_109' title='bbox 132 1360 219 1438; x_wconf 85' lang='lat' dir='ltr'><em>longe</em></span> <span class='ocrx_word' id='word_1_110' title='bbox 237 1361 373 1438; x_wconf 88' lang='lat' dir='ltr'><em>optimum</em></span> <span class='ocrx_word' id='word_1_111' title='bbox 389 1369 449 1435; x_wconf 88' lang='lat' dir='ltr'><em>est,</em></span> <span class='ocrx_word' id='word_1_112' title='bbox 470 1377 533 1419; x_wconf 91' lang='lat' dir='ltr'><em>cum</em></span> <span class='ocrx_word' id='word_1_113' title='bbox 548 1377 592 1435; x_wconf 91' lang='lat' dir='ltr'><em>re,</em></span> <span class='ocrx_word' id='word_1_114' title='bbox 607 1361 688 1420; x_wconf 90' lang='lat' dir='ltr'><em>cuius</em></span> <span class='ocrx_word' id='word_1_115' title='bbox 707 1371 751 1420; x_wconf 90' lang='lat' dir='ltr'><em>est</em></span> <span class='ocrx_word' id='word_1_116' title='bbox 765 1363 870 1440; x_wconf 80' lang='lat' dir='ltr'><em>imago,</em></span> <span class='ocrx_word' id='word_1_117' title='bbox 888 1363 1034 1422; x_wconf 89' lang='lat' dir='ltr'><em>connecti·</em></span> 
     </span>
     <span class='ocr_line' id='line_1_15' title="bbox 47 1443 1036 1522; baseline 0.005 -23"><span class='ocrx_word' id='word_1_118' title='bbox 47 1451 97 1518; x_wconf 90' lang='lat' dir='ltr'><em>tur,</em></span> <span class='ocrx_word' id='word_1_119' title='bbox 119 1444 274 1503; x_wconf 88' lang='lat' dir='ltr'><em>collatione</em></span> <span class='ocrx_word' id='word_1_120' title='bbox 294 1445 416 1502; x_wconf 85' lang='lat' dir='ltr'><em>invicem</em></span> <span class='ocrx_word' id='word_1_121' title='bbox 430 1443 636 1520; x_wconf 80' lang='lat' dir='ltr'><em>respondente,</em></span> <span class='ocrx_word' id='word_1_122' title='bbox 658 1445 734 1522; x_wconf 85' lang='lat' dir='ltr'><em>quod</em></span> <span class='ocrx_word' id='word_1_123' title='bbox 746 1445 815 1505; x_wconf 85' lang='lat' dir='ltr'><em>iacit</em></span> <span class='ocrx_word' id='word_1_124' title='bbox 829 1444 951 1505; x_wconf 81' lang='lat' dir='ltr'><strong>redditio</strong></span> <span class='ocrx_word' id='word_1_125' title='bbox 968 1459 1036 1505; x_wconf 91' lang='lat' dir='ltr'><em>con-</em></span> 
     </span>
     <span class='ocr_line' id='line_1_16' title="bbox 47 1517 1082 1604; baseline 0.01 -22"><span class='ocrx_word' id='word_1_126' title='bbox 47 1525 142 1602; x_wconf 87' lang='lat' dir='ltr'><em>traria,</em></span> <span class='ocrx_word' id='word_1_127' title='bbox 165 1545 242 1604; x_wconf 90' lang='lat' dir='ltr'><em>quae</em></span> <span class='ocrx_word' id='word_1_128' title='bbox 263 1517 457 1597; x_wconf 74' lang='grc' dir='ltr'><strong><em>ἆνταπόδοσις</em></strong></span> <span class='ocrx_word' id='word_1_129' title='bbox 476 1526 587 1585; x_wconf 88' lang='lat' dir='ltr'><em>dicitur.</em></span> <span class='ocrx_word' id='word_1_130' title='bbox 628 1527 780 1588; x_wconf 80' lang='lat' dir='ltr'><em>Praecedit</em></span> <span class='ocrx_word' id='word_1_131' title='bbox 799 1529 954 1588; x_wconf 83' lang='lat' dir='ltr'><strong>similitudo</strong></span> <span class='ocrx_word' id='word_1_132' title='bbox 975 1528 1082 1604; x_wconf 81' lang='lat' dir='ltr'><em>illa,78</em></span> 
     </span>
     <span class='ocr_line' id='line_1_17' title="bbox 49 1607 1107 1670; baseline 0.005 -6"><span class='ocrx_word' id='word_1_133' title='bbox 49 1609 120 1667; x_wconf 87' lang='lat' dir='ltr'><em>euius</em></span> <span class='ocrx_word' id='word_1_134' title='bbox 134 1611 218 1670; x_wconf 92' lang='lat' dir='ltr'><em>modo</em></span> <span class='ocrx_word' id='word_1_135' title='bbox 237 1607 296 1669; x_wconf 86' lang='lat' dir='ltr'><em>ieci</em></span> <span class='ocrx_word' id='word_1_136' title='bbox 310 1609 501 1668; x_wconf 87' lang='lat' dir='ltr'><em>mentionem:</em></span> <span class='ocrx_word' id='word_1_137' title='bbox 1106 1623 1107 1626; x_wconf 74' lang='grc'>’</span> 
     </span>
    </p>

    <p class='ocr_par' dir='ltr' id='par_1_7' title="bbox 48 1689 1094 2106">
     <span class='ocr_line' id='line_1_18' title="bbox 449 1689 735 1766; baseline 0.01 -16"><span class='ocrx_word' id='word_1_138' title='bbox 449 1723 492 1734; x_wconf 90' lang='grc'><strong>-</strong></span> <span class='ocrx_word' id='word_1_139' title='bbox 506 1689 584 1753; x_wconf 85' lang='lat' dir='ltr'><em>Inde</em></span> <span class='ocrx_word' id='word_1_140' title='bbox 599 1693 664 1766; x_wconf 85' lang='lat' dir='ltr'><em>lupi</em></span> <span class='ocrx_word' id='word_1_141' title='bbox 679 1709 735 1754; x_wconf 91' lang='lat' dir='ltr'><em>cea</em></span> 
     </span>
     <span class='ocr_line' id='line_1_19' title="bbox 257 1775 732 1854; baseline -0.004 -18"><span class='ocrx_word' id='word_1_142' title='bbox 257 1775 409 1854; x_wconf 82' lang='lat' dir='ltr'><em>Raptores</em></span> <span class='ocrx_word' id='word_1_143' title='bbox 422 1780 494 1836; x_wconf 89' lang='lat' dir='ltr'><em>otro</em></span> <span class='ocrx_word' id='word_1_144' title='bbox 508 1775 541 1834; x_wconf 92' lang='lat' dir='ltr'><em>in</em></span> <span class='ocrx_word' id='word_1_145' title='bbox 555 1775 667 1836; x_wconf 87' lang='lat' dir='ltr'><em>nebulo</em></span> <span class='ocrx_word' id='word_1_146' title='bbox 681 1807 732 1834; x_wconf 89' lang='lat'><em>--.</em></span> 
     </span>
     <span class='ocr_line' id='line_1_20' title="bbox 49 1855 1094 1940; baseline 0.003 -27"><span class='ocrx_word' id='word_1_147' title='bbox 49 1855 175 1934; x_wconf 89' lang='lat' dir='ltr'><em>Sequitur</em></span> <span class='ocrx_word' id='word_1_148' title='bbox 191 1860 219 1917; x_wconf 91' lang='lat' dir='ltr'><em>in</em></span> <span class='ocrx_word' id='word_1_149' title='bbox 235 1859 329 1936; x_wconf 88' lang='lat' dir='ltr'><em>primo</em></span> <span class='ocrx_word' id='word_1_150' title='bbox 346 1857 512 1934; x_wconf 76' lang='lat' dir='ltr'><em>Georgicon</em></span> <span class='ocrx_word' id='word_1_151' title='bbox 533 1865 600 1936; x_wconf 88' lang='lat' dir='ltr'><em>post</em></span> <span class='ocrx_word' id='word_1_152' title='bbox 617 1857 733 1934; x_wconf 81' lang='lat' dir='ltr'><em>longam</em></span> <span class='ocrx_word' id='word_1_153' title='bbox 748 1857 785 1918; x_wconf 92' lang='lat' dir='ltr'><em>de</em></span> <span class='ocrx_word' id='word_1_154' title='bbox 802 1857 888 1917; x_wconf 91' lang='lat' dir='ltr'><em>bellis</em></span> <span class='ocrx_word' id='word_1_155' title='bbox 905 1856 1040 1917; x_wconf 84' lang='lat' dir='ltr'><em>civilibus</em></span> <span class='ocrx_word' id='word_1_156' title='bbox 1090 1932 1094 1940; x_wconf 35' lang='grc'>,</span> 
     </span>
     <span class='ocr_line' id='line_1_21' title="bbox 48 1941 544 2020; baseline 0.006 -24"><span class='ocrx_word' id='word_1_157' title='bbox 48 1945 126 2016; x_wconf 86' lang='lat' dir='ltr'><em>atque</em></span> <span class='ocrx_word' id='word_1_158' title='bbox 142 1943 270 2002; x_wconf 82' lang='lat' dir='ltr'><em>externis</em></span> <span class='ocrx_word' id='word_1_159' title='bbox 286 1941 544 2020; x_wconf 86' lang='lat' dir='ltr'><em>conquestionem:</em></span> 
     </span>
     <span class='ocr_line' id='line_1_22' title="bbox 126 2022 885 2106; baseline 0.001 -23"><span class='ocrx_word' id='word_1_160' title='bbox 126 2022 171 2100; x_wconf 87' lang='lat' dir='ltr'><em>tn,</em></span> <span class='ocrx_word' id='word_1_161' title='bbox 187 2044 259 2086; x_wconf 79' lang='lat' dir='ltr'><em>crem</em></span> <span class='ocrx_word' id='word_1_162' title='bbox 275 2025 456 2086; x_wconf 79' lang='lat' dir='ltr'><em>carceribus</em></span> <span class='ocrx_word' id='word_1_163' title='bbox 468 2041 536 2085; x_wconf 85' lang='lat' dir='ltr'><em>sese</em></span> <span class='ocrx_word' id='word_1_164' title='bbox 549 2023 684 2106; x_wconf 78' lang='lat' dir='ltr'><em>effudere</em></span> <span class='ocrx_word' id='word_1_165' title='bbox 703 2022 885 2102; x_wconf 75' lang='lat' dir='ltr'><em>quadripes,</em></span> 
     </span>
    </p>

    <p class='ocr_par' dir='ltr' id='par_1_8' title="bbox 31 2107 945 2186">
     <span class='ocr_line' id='line_1_23' title="bbox 31 2107 945 2186; baseline 0.001 -20"><span class='ocrx_word' id='word_1_166' title='bbox 31 2175 33 2182; x_wconf 27' lang='lat'><strong>¹</strong></span> <span class='ocrx_word' id='word_1_167' title='bbox 125 2108 257 2169; x_wconf 88' lang='lat' dir='ltr'><em>Addunt</em></span> <span class='ocrx_word' id='word_1_168' title='bbox 269 2109 302 2168; x_wconf 86' lang='lat' dir='ltr'><em>in</em></span> <span class='ocrx_word' id='word_1_169' title='bbox 314 2109 437 2186; x_wconf 87' lang='lat' dir='ltr'><em>spatio;</em></span> <span class='ocrx_word' id='word_1_170' title='bbox 452 2114 481 2168; x_wconf 89' lang='lat' dir='ltr'><em>et</em></span> <span class='ocrx_word' id='word_1_171' title='bbox 492 2107 613 2185; x_wconf 76' lang='lat' dir='ltr'><em>frustra</em></span> <span class='ocrx_word' id='word_1_172' title='bbox 629 2107 801 2168; x_wconf 88' lang='lat' dir='ltr'><em>retinaculo</em></span> <span class='ocrx_word' id='word_1_173' title='bbox 818 2109 945 2167; x_wconf 89' lang='lat' dir='ltr'><em>tendens</em></span> 
     </span>
    </p>

    <p class='ocr_par' dir='ltr' id='par_1_9' title="bbox 18 2187 980 2269">
     <span class='ocr_line' id='line_1_24' title="bbox 18 2187 980 2269; baseline -0.002 -19"><span class='ocrx_word' id='word_1_174' title='bbox 18 2197 21 2250; x_wconf 74' lang='lat' dir='ltr'><em>i</em></span> <span class='ocrx_word' id='word_1_175' title='bbox 124 2187 235 2252; x_wconf 73' lang='lat' dir='ltr'><em>chnr</em></span> <span class='ocrx_word' id='word_1_176' title='bbox 250 2194 335 2269; x_wconf 81' lang='lat' dir='ltr'><em>equis</em></span> <span class='ocrx_word' id='word_1_177' title='bbox 350 2193 472 2268; x_wconf 74' lang='lat' dir='ltr'><em>ouripo,</em></span> <span class='ocrx_word' id='word_1_178' title='bbox 487 2205 584 2266; x_wconf 84' lang='lat' dir='ltr'><em>usqae</em></span> <span class='ocrx_word' id='word_1_179' title='bbox 602 2191 691 2252; x_wconf 89' lang='lat' dir='ltr'><em>audit</em></span> <span class='ocrx_word' id='word_1_180' title='bbox 706 2207 819 2250; x_wconf 87' lang='lat' dir='ltr'><em>currus</em></span> <span class='ocrx_word' id='word_1_181' title='bbox 834 2189 980 2251; x_wconf 81' lang='lat' dir='ltr'><em>babentes.</em></span> 
     </span>
    </p>

    <p class='ocr_par' dir='ltr' id='par_1_10' title="bbox 48 2267 1083 2436">
     <span class='ocr_line' id='line_1_25' title="bbox 48 2267 1083 2350; baseline 0.003 -23"><span class='ocrx_word' id='word_1_182' title='bbox 48 2267 102 2328; x_wconf 85' lang='lat' dir='ltr'><em>Sed</em></span> <span class='ocrx_word' id='word_1_183' title='bbox 125 2271 196 2333; x_wconf 87' lang='lat' dir='ltr'><em>haec</em></span> <span class='ocrx_word' id='word_1_184' title='bbox 220 2283 288 2334; x_wconf 87' lang='lat' dir='ltr'><em>sunt</em></span> <span class='ocrx_word' id='word_1_185' title='bbox 314 2275 389 2333; x_wconf 83' lang='lat' dir='ltr'><em>sine</em></span> <span class='ocrx_word' id='word_1_186' title='bbox 409 2273 589 2350; x_wconf 88' lang='lat' dir='ltr'><em>antapodosi.</em></span> <span class='ocrx_word' id='word_1_187' title='bbox 633 2272 768 2332; x_wconf 84' lang='lat' dir='ltr'><em>Redditio</em></span> <span class='ocrx_word' id='word_1_188' title='bbox 792 2279 886 2331; x_wconf 91' lang='lat' dir='ltr'><em>autem</em></span> <span class='ocrx_word' id='word_1_189' title='bbox 907 2272 956 2332; x_wconf 87' lang='lat' dir='ltr'><em>illa</em></span> <span class='ocrx_word' id='word_1_190' title='bbox 977 2280 1083 2338; x_wconf 70' lang='lat' dir='ltr'><em>remis</em></span> 
     </span>
     <span class='ocr_line' id='line_1_26' title="bbox 48 2352 1039 2436; baseline 0.006 -28"><span class='ocrx_word' id='word_1_191' title='bbox 48 2357 202 2434; x_wconf 87' lang='lat' dir='ltr'><em>utramque,</em></span> <span class='ocrx_word' id='word_1_192' title='bbox 229 2373 315 2434; x_wconf 85' lang='lat' dir='ltr'><em>quam</em></span> <span class='ocrx_word' id='word_1_193' title='bbox 337 2353 502 2436; x_wconf 89' lang='lat' dir='ltr'><em>comparat,</em></span> <span class='ocrx_word' id='word_1_194' title='bbox 528 2356 609 2415; x_wconf 88' lang='lat' dir='ltr'><em>velut</em></span> <span class='ocrx_word' id='word_1_195' title='bbox 630 2355 745 2415; x_wconf 87' lang='lat' dir='ltr'><em>subiicit</em></span> <span class='ocrx_word' id='word_1_196' title='bbox 763 2355 857 2414; x_wconf 88' lang='lat' dir='ltr'><em>oculis</em></span> <span class='ocrx_word' id='word_1_197' title='bbox 877 2352 909 2414; x_wconf 85' lang='lat' dir='ltr'><em>et</em></span> <span class='ocrx_word' id='word_1_198' title='bbox 930 2356 1039 2433; x_wconf 87' lang='lat' dir='ltr'><em>pariter</em></span> 
     </span>
    </p>

    <p class='ocr_par' dir='ltr' id='par_1_11' title="bbox 18 2437 1037 2526">
     <span class='ocr_line' id='line_1_27' title="bbox 18 2437 1037 2526; baseline 0.006 -36"><span class='ocrx_word' id='word_1_199' title='bbox 18 2453 20 2526; x_wconf 52' lang='lat' dir='ltr'><em>p</em></span> <span class='ocrx_word' id='word_1_200' title='bbox 49 2437 173 2497; x_wconf 74' lang='lat' dir='ltr'><em>ostendit,</em></span> <span class='ocrx_word' id='word_1_201' title='bbox 218 2438 307 2499; x_wconf 85' lang='lat' dir='ltr'><em>Cuius</em></span> <span class='ocrx_word' id='word_1_202' title='bbox 336 2439 493 2516; x_wconf 81' lang='lat' dir='ltr'><em>praeclara</em></span> <span class='ocrx_word' id='word_1_203' title='bbox 514 2439 589 2516; x_wconf 92' lang='lat' dir='ltr'><em>apud</em></span> <span class='ocrx_word' id='word_1_204' title='bbox 616 2438 776 2516; x_wconf 79' lang='lat' dir='ltr'><em>Vergilium</em></span> <span class='ocrx_word' id='word_1_205' title='bbox 800 2437 887 2498; x_wconf 87' lang='lat' dir='ltr'><em>multa</em></span> <span class='ocrx_word' id='word_1_206' title='bbox 920 2439 1037 2515; x_wconf 82' lang='lat' dir='ltr'><em>reperio</em></span> 
     </span>
    </p>

    <p class='ocr_par' dir='ltr' id='par_1_12' title="bbox 18 2519 1040 2680">
     <span class='ocr_line' id='line_1_28' title="bbox 18 2519 1037 2598; baseline 0.006 -24"><span class='ocrx_word' id='word_1_207' title='bbox 18 2535 20 2548; x_wconf 66' lang='grc'>’</span> <span class='ocrx_word' id='word_1_208' title='bbox 49 2520 187 2597; x_wconf 83' lang='lat' dir='ltr'><em>exempla,</em></span> <span class='ocrx_word' id='word_1_209' title='bbox 214 2522 269 2582; x_wconf 90' lang='lat' dir='ltr'><em>sed</em></span> <span class='ocrx_word' id='word_1_210' title='bbox 292 2523 425 2582; x_wconf 88' lang='lat' dir='ltr'><em>oratoriis</em></span> <span class='ocrx_word' id='word_1_211' title='bbox 444 2522 541 2598; x_wconf 86' lang='lat' dir='ltr'><em>potius</em></span> <span class='ocrx_word' id='word_1_212' title='bbox 566 2521 700 2582; x_wconf 85' lang='lat' dir='ltr'><em>uterrdum</em></span> <span class='ocrx_word' id='word_1_213' title='bbox 731 2530 786 2581; x_wconf 92' lang='lat' dir='ltr'><em>est.</em></span> <span class='ocrx_word' id='word_1_214' title='bbox 828 2520 907 2581; x_wconf 89' lang='lat' dir='ltr'><em>Dicit</em></span> <span class='ocrx_word' id='word_1_215' title='bbox 932 2519 1037 2581; x_wconf 78' lang='lat' dir='ltr'><em>Cicero</em></span> 
     </span>
     <span class='ocr_line' id='line_1_29' title="bbox 48 2601 1040 2680; baseline 0.008 -24"><span class='ocrx_word' id='word_1_216' title='bbox 48 2615 96 2674; x_wconf 92' lang='lat' dir='ltr'><em>pro</em></span> <span class='ocrx_word' id='word_1_217' title='bbox 115 2601 248 2665; x_wconf 80' lang='lat' dir='ltr'><em>Murena:</em></span> <span class='ocrx_word' id='word_1_218' title='bbox 273 2603 310 2665; x_wconf 84' lang='lat' dir='ltr'><em>tn</em></span> <span class='ocrx_word' id='word_1_219' title='bbox 326 2606 413 2666; x_wconf 81' lang='lat' dir='ltr'><em>niara</em></span> <span class='ocrx_word' id='word_1_220' title='bbox 431 2607 464 2665; x_wconf 90' lang='lat' dir='ltr'><em>in</em></span> <span class='ocrx_word' id='word_1_221' title='bbox 480 2603 608 2666; x_wconf 84' lang='lat' dir='ltr'><em>Graecis</em></span> <span class='ocrx_word' id='word_1_222' title='bbox 628 2603 799 2680; x_wconf 67' lang='lat' dir='ltr'><em>artificibus</em></span> <span class='ocrx_word' id='word_1_223' title='bbox 819 2621 871 2665; x_wconf 90' lang='lat' dir='ltr'><em>eos</em></span> <span class='ocrx_word' id='word_1_224' title='bbox 893 2605 1040 2666; x_wconf 87' lang='lat' dir='ltr'><em>auloedos</em></span> 
     </span>
    </p>

    <p class='ocr_par' dir='ltr' id='par_1_13' title="bbox 18 2685 1037 2766">
     <span class='ocr_line' id='line_1_30' title="bbox 18 2685 1037 2766; baseline 0.006 -26"><span class='ocrx_word' id='word_1_225' title='bbox 18 2709 20 2754; x_wconf 67' lang='grc' dir='ltr'>ς</span> <span class='ocrx_word' id='word_1_226' title='bbox 49 2699 123 2760; x_wconf 84' lang='lat' dir='ltr'><em>esse,</em></span> <span class='ocrx_word' id='word_1_227' title='bbox 145 2690 198 2764; x_wconf 80' lang='lat' dir='ltr'><em>qui</em></span> <span class='ocrx_word' id='word_1_228' title='bbox 218 2689 389 2766; x_wconf 78' lang='lat' dir='ltr'><em>citharoedi</em></span> <span class='ocrx_word' id='word_1_229' title='bbox 407 2685 477 2764; x_wconf 80' lang='lat' dir='ltr'><em>fieri</em></span> <span class='ocrx_word' id='word_1_230' title='bbox 489 2705 551 2749; x_wconf 90' lang='lat' dir='ltr'><em>non</em></span> <span class='ocrx_word' id='word_1_231' title='bbox 562 2688 732 2765; x_wconf 81' lang='lat' dir='ltr'><em>potuerint:</em></span> <span class='ocrx_word' id='word_1_232' title='bbox 753 2688 800 2746; x_wconf 87' lang='lat' dir='ltr'><em>sic</em></span> <span class='ocrx_word' id='word_1_233' title='bbox 820 2705 876 2747; x_wconf 87' lang='lat' dir='ltr'><em>nos</em></span> <span class='ocrx_word' id='word_1_234' title='bbox 888 2688 1037 2761; x_wconf 81' lang='lat' dir='ltr'><em>videmus,</em></span> 
     </span>
    </p>

    <p class='ocr_par' dir='ltr' id='par_1_14' title="bbox 18 2767 1083 3182">
     <span class='ocr_line' id='line_1_31' title="bbox 18 2767 1038 2850; baseline 0.004 -26"><span class='ocrx_word' id='word_1_235' title='bbox 18 2775 20 2850; x_wconf 51' lang='grc' dir='ltr'>ᾗ</span> <span class='ocrx_word' id='word_1_236' title='bbox 50 2767 96 2840; x_wconf 79' lang='lat' dir='ltr'><em>oui</em></span> <span class='ocrx_word' id='word_1_237' title='bbox 109 2777 248 2831; x_wconf 76' lang='lat' dir='ltr'><em>autores</em></span> <span class='ocrx_word' id='word_1_238' title='bbox 262 2772 395 2832; x_wconf 74' lang='lat' dir='ltr'><em>modae</em></span> <span class='ocrx_word' id='word_1_239' title='bbox 409 2788 469 2832; x_wconf 88' lang='lat' dir='ltr'><em>non</em></span> <span class='ocrx_word' id='word_1_240' title='bbox 482 2773 650 2848; x_wconf 89' lang='lat' dir='ltr'><em>potuerint,</em></span> <span class='ocrx_word' id='word_1_241' title='bbox 673 2788 726 2832; x_wconf 86' lang='lat' dir='ltr'><em>cos</em></span> <span class='ocrx_word' id='word_1_242' title='bbox 743 2771 787 2832; x_wconf 89' lang='lat' dir='ltr'><em>ad</em></span> <span class='ocrx_word' id='word_1_243' title='bbox 806 2770 885 2830; x_wconf 86' lang='lat' dir='ltr'><em>iuris</em></span> <span class='ocrx_word' id='word_1_244' title='bbox 904 2769 1038 2830; x_wconf 87' lang='lat' dir='ltr'><em>stadium</em></span> 
     </span>
     <span class='ocr_line' id='line_1_32' title="bbox 50 2847 1083 2931; baseline 0.008 -25"><span class='ocrx_word' id='word_1_245' title='bbox 50 2847 201 2913; x_wconf 81' lang='lat' dir='ltr'><em>divertere.</em></span> <span class='ocrx_word' id='word_1_246' title='bbox 240 2852 315 2912; x_wconf 88' lang='lat' dir='ltr'><em>Illud</em></span> <span class='ocrx_word' id='word_1_247' title='bbox 333 2868 387 2931; x_wconf 90' lang='lat' dir='ltr'><em>pro</em></span> <span class='ocrx_word' id='word_1_248' title='bbox 412 2853 516 2913; x_wconf 90' lang='lat' dir='ltr'><em>eodem</em></span> <span class='ocrx_word' id='word_1_249' title='bbox 537 2855 591 2914; x_wconf 91' lang='lat' dir='ltr'><em>iam</em></span> <span class='ocrx_word' id='word_1_250' title='bbox 609 2869 703 2931; x_wconf 89' lang='lat' dir='ltr'><em>paene</em></span> <span class='ocrx_word' id='word_1_251' title='bbox 724 2852 842 2930; x_wconf 90' lang='lat' dir='ltr'><em>poetico</em></span> <span class='ocrx_word' id='word_1_252' title='bbox 863 2853 964 2931; x_wconf 91' lang='lat' dir='ltr'><em>spiritu</em></span> <span class='ocrx_word' id='word_1_253' title='bbox 985 2851 1083 2914; x_wconf 78' lang='lat' dir='ltr'><em>sedit)</em></span> 
     </span>
     <span class='ocr_line' id='line_1_33' title="bbox 42 2933 1037 3014; baseline 0.009 -28"><span class='ocrx_word' id='word_1_254' title='bbox 42 2933 136 3012; x_wconf 77' lang='lat' dir='ltr'><em>tamen</em></span> <span class='ocrx_word' id='word_1_255' title='bbox 149 2953 211 2994; x_wconf 89' lang='lat' dir='ltr'><em>cum</em></span> <span class='ocrx_word' id='word_1_256' title='bbox 229 2954 281 2996; x_wconf 88' lang='lat' dir='ltr'><em>sua</em></span> <span class='ocrx_word' id='word_1_257' title='bbox 298 2935 475 3012; x_wconf 82' lang='lat' dir='ltr'><em>redditione,</em></span> <span class='ocrx_word' id='word_1_258' title='bbox 498 2938 575 3014; x_wconf 89' lang='lat' dir='ltr'><em>quod</em></span> <span class='ocrx_word' id='word_1_259' title='bbox 598 2945 643 2996; x_wconf 90' lang='lat' dir='ltr'><em>est</em></span> <span class='ocrx_word' id='word_1_260' title='bbox 666 2937 701 2996; x_wconf 88' lang='lat' dir='ltr'><em>ad</em></span> <span class='ocrx_word' id='word_1_261' title='bbox 722 2945 853 2996; x_wconf 88' lang='lat' dir='ltr'><em>ornatum</em></span> <span class='ocrx_word' id='word_1_262' title='bbox 874 2947 1037 2996; x_wconf 86' lang='lat' dir='ltr'><em>accommo-</em></span> 
     </span>
     <span class='ocr_line' id='line_1_34' title="bbox 51 3007 1038 3098; baseline 0.011 -30"><span class='ocrx_word' id='word_1_263' title='bbox 51 3007 148 3074; x_wconf 86' lang='lat' dir='ltr'><em>datius:</em></span> <span class='ocrx_word' id='word_1_264' title='bbox 164 3015 245 3079; x_wconf 87' lang='lat' dir='ltr'><em>Nam</em></span> <span class='ocrx_word' id='word_1_265' title='bbox 258 3029 292 3080; x_wconf 89' lang='lat' dir='ltr'><em>ut</em></span> <span class='ocrx_word' id='word_1_266' title='bbox 309 3025 501 3098; x_wconf 86' lang='lat' dir='ltr'><em>tempestates</em></span> <span class='ocrx_word' id='word_1_267' title='bbox 522 3035 618 3098; x_wconf 86' lang='lat' dir='ltr'><em>saepe</em></span> <span class='ocrx_word' id='word_1_268' title='bbox 641 3027 725 3082; x_wconf 85' lang='lat' dir='ltr'><em>certo</em></span> <span class='ocrx_word' id='word_1_269' title='bbox 744 3021 847 3097; x_wconf 80' lang='lat' dir='ltr'><em>aliquo</em></span> <span class='ocrx_word' id='word_1_270' title='bbox 863 3021 939 3081; x_wconf 84' lang='lat' dir='ltr'><em>coeli</em></span> <span class='ocrx_word' id='word_1_271' title='bbox 952 3015 1038 3097; x_wconf 69' lang='lat' dir='ltr'><em>dono</em></span> 
     </span>
     <span class='ocr_line' id='line_1_35' title="bbox 51 3102 1037 3182; baseline 0.006 -26"><span class='ocrx_word' id='word_1_272' title='bbox 51 3109 273 3179; x_wconf 81' lang='lat' dir='ltr'><em>connmentur,</em></span> <span class='ocrx_word' id='word_1_273' title='bbox 294 3118 390 3182; x_wconf 86' lang='lat' dir='ltr'><em>saepe</em></span> <span class='ocrx_word' id='word_1_274' title='bbox 403 3102 587 3180; x_wconf 77' lang='lat' dir='ltr'><em>improvisae</em></span> <span class='ocrx_word' id='word_1_275' title='bbox 600 3105 684 3164; x_wconf 87' lang='lat' dir='ltr'><em>nullu</em></span> <span class='ocrx_word' id='word_1_276' title='bbox 698 3120 738 3164; x_wconf 81' lang='lat' dir='ltr'><em>ea</em></span> <span class='ocrx_word' id='word_1_277' title='bbox 753 3110 838 3164; x_wconf 85' lang='lat' dir='ltr'><em>certo</em></span> <span class='ocrx_word' id='word_1_278' title='bbox 854 3105 973 3164; x_wconf 88' lang='lat' dir='ltr'><em>ratione</em></span> <span class='ocrx_word' id='word_1_279' title='bbox 987 3103 1037 3163; x_wconf 90' lang='lat' dir='ltr'><em>ob·</em></span> 
     </span>
    </p>

    <p class='ocr_par' dir='ltr' id='par_1_15' title="bbox 18 3185 1078 3514">
     <span class='ocr_line' id='line_1_36' title="bbox 18 3185 1039 3263; baseline 0.007 -27"><span class='ocrx_word' id='word_1_280' title='bbox 18 3191 20 3200; x_wconf 77' lang='grc'>’</span> <span class='ocrx_word' id='word_1_281' title='bbox 49 3191 137 3240; x_wconf 75' lang='lat' dir='ltr'><em>scaro</em></span> <span class='ocrx_word' id='word_1_282' title='bbox 154 3185 259 3263; x_wconf 79' lang='lat' dir='ltr'><em>aitqua</em></span> <span class='ocrx_word' id='word_1_283' title='bbox 272 3205 313 3246; x_wconf 82' lang='lat' dir='ltr'><em>ec</em></span> <span class='ocrx_word' id='word_1_284' title='bbox 327 3205 425 3247; x_wconf 86' lang='lat' dir='ltr'><em>caasa</em></span> <span class='ocrx_word' id='word_1_285' title='bbox 441 3187 653 3248; x_wconf 85' lang='lat' dir='ltr'><em>concitantur:</em></span> <span class='ocrx_word' id='word_1_286' title='bbox 670 3188 716 3248; x_wconf 87' lang='lat' dir='ltr'><em>sic</em></span> <span class='ocrx_word' id='word_1_287' title='bbox 730 3187 762 3247; x_wconf 89' lang='lat' dir='ltr'><em>in</em></span> <span class='ocrx_word' id='word_1_288' title='bbox 777 3186 836 3246; x_wconf 88' lang='lat' dir='ltr'><em>bac</em></span> <span class='ocrx_word' id='word_1_289' title='bbox 851 3187 1039 3247; x_wconf 85' lang='lat' dir='ltr'><em>comitiorum</em></span> 
     </span>
     <span class='ocr_line' id='line_1_37' title="bbox 50 3263 1039 3356; baseline 0.003 -31"><span class='ocrx_word' id='word_1_290' title='bbox 50 3263 215 3356; x_wconf 67' lang='lat' dir='ltr'><em>imputate</em></span> <span class='ocrx_word' id='word_1_291' title='bbox 229 3271 374 3348; x_wconf 84' lang='lat' dir='ltr'><em>populari</em></span> <span class='ocrx_word' id='word_1_292' title='bbox 392 3287 487 3347; x_wconf 79' lang='lat' dir='ltr'><em>saepe</em></span> <span class='ocrx_word' id='word_1_293' title='bbox 504 3270 672 3347; x_wconf 79' lang='lat' dir='ltr'><em>intellipos,</em></span> <span class='ocrx_word' id='word_1_294' title='bbox 699 3284 758 3347; x_wconf 79' lang='lat' dir='ltr'><em>quo</em></span> <span class='ocrx_word' id='word_1_295' title='bbox 783 3270 869 3347; x_wconf 75' lang='lat' dir='ltr'><em>sipno</em></span> <span class='ocrx_word' id='word_1_296' title='bbox 891 3273 1039 3330; x_wconf 85' lang='lat' dir='ltr'><em>commoto</em></span> 
     </span>
     <span class='ocr_line' id='line_1_38' title="bbox 50 3349 1038 3427; baseline 0.003 -16"><span class='ocrx_word' id='word_1_297' title='bbox 50 3349 101 3411; x_wconf 81' lang='lat' dir='ltr'><em>ut,·</em></span> <span class='ocrx_word' id='word_1_298' title='bbox 113 3365 204 3427; x_wconf 84' lang='lat' dir='ltr'><em>saepe</em></span> <span class='ocrx_word' id='word_1_299' title='bbox 217 3351 262 3412; x_wconf 88' lang='lat' dir='ltr'><em>ito</em></span> <span class='ocrx_word' id='word_1_300' title='bbox 276 3353 410 3414; x_wconf 75' lang='lat' dir='ltr'><em>obscum</em></span> <span class='ocrx_word' id='word_1_301' title='bbox 430 3359 485 3427; x_wconf 80' lang='lat' dir='ltr'><em>est,</em></span> <span class='ocrx_word' id='word_1_302' title='bbox 498 3360 532 3413; x_wconf 90' lang='lat' dir='ltr'><em>ut</em></span> <span class='ocrx_word' id='word_1_303' title='bbox 546 3354 613 3414; x_wconf 88' lang='lat' dir='ltr'><em>sine</em></span> <span class='ocrx_word' id='word_1_304' title='bbox 627 3369 725 3414; x_wconf 87' lang='lat' dir='ltr'><em>causo</em></span> <span class='ocrx_word' id='word_1_305' title='bbox 739 3353 875 3414; x_wconf 76' lang='lat' dir='ltr'><em>excitato</em></span> <span class='ocrx_word' id='word_1_306' title='bbox 885 3353 1038 3415; x_wconf 82' lang='lat' dir='ltr'><em>uideatur.</em></span> 
     </span>
     <span class='ocr_line' id='line_1_39' title="bbox 52 3419 1078 3514; baseline 0.011 -34"><span class='ocrx_word' id='word_1_307' title='bbox 52 3419 116 3487; x_wconf 87' lang='lat' dir='ltr'><em>Sunt</em></span> <span class='ocrx_word' id='word_1_308' title='bbox 130 3432 238 3494; x_wconf 84' lang='lat' dir='ltr'><em>stillae</em></span> <span class='ocrx_word' id='word_1_309' title='bbox 250 3433 372 3496; x_wconf 87' lang='lat' dir='ltr'><em>breves:</em></span> <span class='ocrx_word' id='word_1_310' title='bbox 397 3433 476 3514; x_wconf 78' lang='lat' dir='ltr'><em>Vapi</em></span> <span class='ocrx_word' id='word_1_311' title='bbox 490 3450 551 3514; x_wconf 87' lang='lat' dir='ltr'><em>per</em></span> <span class='ocrx_word' id='word_1_312' title='bbox 570 3437 665 3496; x_wconf 82' lang='lat' dir='ltr'><em>sileas</em></span> <span class='ocrx_word' id='word_1_313' title='bbox 683 3434 1078 3513; x_wconf 73' lang='lat' dir='ltr'><em>rituferarunt,etillud81</em></span> 
     </span>
    </p>
   </div>
   <div class='ocr_carea' id='block_1_3' title="bbox 0 0 1230 3956">
    <p class='ocr_par' dir='ltr' id='par_1_16' title="bbox 0 0 1230 3956">
     <span class='ocr_line' id='line_1_40' title="bbox 0 0 1230 3956; baseline 0 0"><span class='ocrx_word' id='word_1_314' title='bbox 0 0 1230 3956; x_wconf 95' lang='lat' dir='ltr'><em> </em></span> 
     </span>
    </p>
   </div>
  </div>
 </body>
</html>
