2436 3956
332 188 789 275 msu.ousno1n.mn.v11,s.
1017 200 1055 262 31

49 365 147 442 magis
159 364 188 423 in
199 363 385 442 praeteritum
397 363 573 439 laudaverit,
588 371 666 423 tanto
682 364 795 424 facilius
806 365 940 443 probabit
955 369 1057 428 morbo

52 465 124 507 esse
141 455 275 506 mutatos.
320 445 416 522 Reus,
440 447 573 524 quotiens
588 464 674 508 causa
691 449 830 525 patietur,
854 449 971 512 debebit
991 459 1097 516 essedl

49 533 82 591 in
100 529 273 590 defensione
299 530 484 605 moderatus,
515 531 580 607 quia
601 529 664 590 lere
687 533 729 590 ira
745 540 774 591 et
790 535 944 594 concitatio
965 533 1058 594 furori

50 623 120 674 sunt
135 613 247 673 similia.
293 610 433 672 Omnibus
444 609 488 672 bis
505 631 654 674 commune
670 622 731 690 est,
750 615 827 693 quod
846 617 890 676 rei
907 633 965 676 non
982 636 1057 677 senr-

48 716 107 777 per
135 696 306 756 defensione
331 695 403 756 lacti
425 696 477 756 sed
502 699 690 757 excusatione
716 715 751 757 ac
775 699 860 758 venia
888 699 1058 778 frequenter

48 789 179 841 utuntur.
224 779 278 839 Est
301 780 376 839 enim
396 778 555 841 domestica
579 781 769 859 disceptatio,
794 785 899 860 inqua
922 793 951 842 et
966 785 1059 844 semel

47 881 197 944 peccasse
218 870 248 922 et
268 881 323 942 per
344 881 475 923 errorem
493 873 522 923 et
545 863 655 940 levius,
678 882 762 943 quam
780 865 948 942 obiiciatur,
972 866 1057 926 abso·

48 948 155 1010 lutioni
170 963 371 1026 nonnunquam
387 947 503 1007 suflicit.
553 1011 563 1016 ,
644 949 649 960 ’

138 1031 196 1091 Sed
214 1031 270 1090 alia
294 1047 413 1110 quoque
430 1031 519 1091 multa
535 1033 797 1092 controversiarum
813 1050 923 1108 genera
939 1035 968 1092 in
988 1043 1100 1111 qua-32

48 1115 164 1176 litatem
190 1113 304 1174 cadunt.
354 1113 592 1182 Iniuriarum
623 1131 785 1193 quenquam
811 1117 885 1176 enirn
910 1135 979 1176 reus
1006 1117 1057 1176 ali-

49 1197 167 1278 qnando
183 1197 291 1257 iecisse
308 1205 413 1274 negat,
428 1197 601 1277 plerumque
615 1207 710 1258 tamen
726 1197 801 1258 baec
818 1200 894 1258 actio
915 1199 993 1260 iacto
1016 1209 1057 1259 at-

49 1300 110 1360 que
138 1283 231 1340 animo
256 1283 427 1341 continetur.
472 1280 517 1340 De
541 1289 712 1340 accusatore
738 1283 957 1358 constituendo,
984 1291 1102 1361 quaeda

4 1401 5 1406 κ
47 1365 159 1424 iudicia
175 1364 431 1424 divinationes
451 1373 606 1431 uocantum
628 1365 657 1424 in
672 1381 729 1442 quo
745 1383 856 1441 genere
873 1363 978 1425 Cicero
996 1368 1057 1444 qui·

4 1447 6 1458 '
47 1449 136 1522 dem,
160 1449 208 1527 qui
223 1447 420 1507 mandantibus
436 1449 524 1507 sociis
538 1447 662 1507 Verrem
677 1448 852 1525 accusabat,
876 1458 976 1509 contra
994 1466 1057 1524 eos,

49 1533 102 1610 qui
119 1548 183 1589 eum
199 1530 408 1606 defendebant,
439 1531 494 1590 bac
518 1549 586 1590 usus
608 1540 654 1592 est
676 1532 832 1608 divisione,
858 1533 1056 1611 spectandum,
1105 1591 1109 1596 .

3 1636 5 1644 ’
48 1633 68 1675 a
97 1630 155 1692 quo
184 1614 307 1673 maxime
334 1615 381 1690 agi
410 1615 501 1674 velint
528 1616 563 1689 ii,
599 1631 719 1692 quorum
745 1615 782 1675 de
806 1617 922 1676 ultione
944 1616 1057 1694 quaeri·

50 1707 114 1773 tur,
133 1715 149 1757 a
167 1714 224 1775 quo
240 1698 354 1758 minime
370 1697 441 1757 velit
457 1699 498 1772 is,
521 1699 569 1774 qni
584 1706 747 1757 accusatur.
793 1698 1100 1778 Frequentissimaeol

49 1792 147 1842 tamen
174 1781 228 1840 bae
256 1789 321 1839 sunt
346 1782 551 1859 quaestiones,
576 1788 641 1839 uter
661 1781 785 1840 maiores
810 1799 913 1842 causas
940 1782 1055 1859 babeat,

48 1874 117 1924 uter
139 1864 205 1942 plus
228 1864 386 1923 industriae
407 1864 571 1924 autvirium
591 1864 628 1922 sit
643 1863 782 1924 allaturus
799 1864 836 1924 ad
853 1866 1056 1941 accusandum,

47 1957 117 2008 uter
138 1947 167 2007 id
189 1947 245 2008 lide
266 1947 388 2007 meliore
406 1946 546 2007 facturus.
589 1945 745 2007 Tutelae
761 1956 931 2026 praetorem
955 1950 982 2007 in
999 1957 1099 2026 quo35

47 2031 158 2092 iudicio
175 2030 253 2090 solet
270 2032 386 2109 quaeri,
404 2047 440 2090 an
455 2029 511 2091 alia
526 2030 562 2090 de
577 2047 610 2089 re
627 2048 710 2108 quam
723 2031 760 2091 de
780 2031 900 2091 calculis
916 2034 1056 2109 cognosci

48 2123 203 2193 oporteat,
224 2132 260 2174 an
285 2114 369 2174 iidem
393 2121 543 2192 praestare
564 2113 670 2174 debeat
684 2122 791 2173 tantum
806 2132 864 2175 non
884 2116 969 2175 etiam
988 2132 1055 2174 con·

48 2199 147 2258 silium
163 2205 192 2256 et
208 2206 350 2257 eventum.
387 2195 439 2257 Cui
455 2197 547 2257 simile
564 2205 609 2256 est
623 2196 699 2256 male
714 2207 817 2274 gestae
833 2199 1055 2277 procurationis,

50 2299 127 2359 quae
155 2283 183 2339 in
208 2280 274 2340 loro
301 2282 532 2358 negotiorum
560 2289 765 2357 gestorum:
798 2299 862 2342 narn
884 2289 914 2340 et
933 2282 1057 2342 mandati

48 2365 129 2425 actio
146 2373 200 2423 est.
245 2364 365 2426 Praeter
387 2365 460 2425 baec
475 2365 620 2441 linguntur
634 2365 663 2423 in
677 2363 787 2424 sobolis
806 2374 835 2424 et
850 2365 981 2443 inscripti
998 2373 1100 2430 ιιι-36

48 2449 159 2523 ledoii,
181 2447 331 2526 inquibus
353 2457 401 2507 aul
423 2447 480 2508 boc
501 2448 664 2526 quaeritur,
687 2465 722 2506 an
742 2448 910 2527 inscriptum
932 2450 985 2517 sit;
1008 2457 1057 2508 aut

47 2533 125 2606 boc,
156 2549 192 2590 an
217 2532 387 2591 maleficium
414 2532 464 2598 sit;
497 2547 564 2590 raro
591 2540 751 2609 utrumque.
801 2530 895 2592 llale
922 2541 1056 2609 gestae

2 2641 3 2650 ι
48 2616 264 2692 legationis
292 2615 367 2693 apud
390 2612 519 2674 Graecos
544 2622 574 2673 et
599 2616 678 2673 veris
708 2615 803 2674 causis
829 2615 984 2694 frequens,
1006 2613 1055 2674 ubi

47 2699 120 2760 iuris
139 2697 206 2758 loco
228 2699 330 2778 quaeri
352 2697 446 2774 solet,
465 2715 501 2757 an
516 2698 631 2757 omnino
647 2697 732 2756 aliter
747 2715 853 2774 agere,
877 2715 963 2775 quam
977 2714 1054 2757 man·

48 2783 147 2844 datum
168 2783 220 2858 sit,
248 2783 351 2857 liceat,
377 2790 407 2840 et
421 2798 573 2859 quousque
592 2783 629 2840 sit
649 2781 777 2856 legatum
806 2781 940 2859 quoniam
957 2781 1005 2840 alii
1027 2782 1055 2839 in

48 2866 239 2927 renuntiando
258 2874 337 2925 sant:
358 2873 390 2925 at
405 2866 433 2924 in
448 2863 539 2941 lloio,
558 2866 607 2942 qui
622 2865 814 2924 testimonium
828 2865 857 2924 in
870 2863 994 2925 Verrem
1014 2864 1054 2925 di·

46 2957 134 3011 xerat
153 2959 222 3029 post
236 2948 377 3028 perlatam
396 2948 581 3024 legationem.
627 2947 779 3008 Plurimum
791 2956 886 3008 tamen
901 2948 988 3008 estin
1005 2965 1053 3024 eo,
1063 2947 1097 3005 37

49 3033 139 3112 quale
160 3035 197 3092 sit
214 3033 330 3093 iactum.
363 3031 429 3091 Rei
450 3031 623 3110 publicae
647 3031 784 3090 laesae.
816 3030 889 3091 llino
905 3040 1056 3091 moventur

48 3117 166 3195 quidem
185 3117 253 3177 illae
274 3118 344 3176 iuris
366 3114 583 3176 cavillationes:
610 3114 685 3188 Quid
703 3114 740 3174 sit
756 3114 977 3193 rempublicam
994 3115 1054 3174 lae·

48 3197 143 3260 derel
166 3209 212 3276 et,
232 3200 351 3260 laeserit
366 3217 402 3260 an
419 3215 477 3258 non
496 3194 659 3277 prolueritl
682 3207 728 3274 et,
750 3197 867 3276 abipso
883 3206 1057 3276 anpropter

49 3284 145 3363 ipsum
165 3283 247 3343 laesa
269 3283 315 3342 sit.
359 3282 391 3344 ln
408 3281 487 3342 lacto
503 3291 597 3342 tamen
613 3280 764 3359 plurimum
783 3283 868 3340 inest.
912 3280 1055 3357 Ingrati

51 3384 179 3446 quoque.
265 3383 322 3444 quo
346 3383 457 3444 genere
477 3367 634 3444 quaeritur,
657 3364 702 3423 An
727 3365 769 3440 is,
791 3382 855 3424 cum
873 3379 930 3441 quo
949 3364 1054 3440 agitur,

50 3451 202 3530 acceperit
269 3446 423 3510 neliciuml
461 3447 547 3523 Quod
569 3464 636 3509 raro
656 3447 817 3525 negandum
839 3454 901 3515 est;
925 3447 1054 3523 ingratas

244 3518 274 3584 l>
