2494 3952
361 241 450 290 insu.
464 237 785 310 concentuum.
931 205 933 214 ¹
1019 231 1076 294 185
1098 301 1100 306 ,

65 397 251 480 frequentia,
270 407 300 459 ut
315 398 398 458 miles
417 405 560 457 concentu
577 399 739 475 signorum,
756 399 908 459 excitatur.
945 397 1075 479 Namque
1086 411 1119 467 tt

8 533 10 540 ,
67 493 100 545 et
115 482 310 545 difficiliorem
327 483 533 558 cogitationem
550 481 685 560 exprimit
705 489 734 541 ct
754 481 878 560 expellit
892 482 1075 544 dicendine-

66 569 212 642 cessitas,
234 575 263 626 et
287 565 432 626 secundos
449 567 572 644 impetus
591 574 679 643 anget
694 565 827 644 placendi
845 567 960 645 cupido.
991 567 1075 628 Adeo

8 659 11 728 ξ.
64 653 193 734 pretium
214 651 308 710 omnia
331 657 480 728 spectant,
508 657 538 708 ut
559 648 725 727 eloquentia
747 667 883 729 quoque,
915 669 1077 730 quanquam

8 779 9 790 ι
64 736 221 818 plurimum
246 733 351 794 babeat
370 734 398 792 in
417 748 450 792 se
476 731 650 810 voluptatis,
671 735 794 794 maxime
816 743 910 794 tamen
929 739 1076 813 praesenti

64 821 165 882 tractu
189 819 281 879 laudis
307 818 510 896 opinionisque
537 817 667 877 ducatur.
707 817 770 876 Nec
798 818 947 896 qnisquam
971 828 1120 885 tantumltt

8 907 10 914 “
65 906 139 967 lidat
154 904 288 982 ingenio,
306 911 337 960 ut
351 902 378 962 id
395 901 450 960 sibi
467 911 568 979 speret
580 903 727 980 incipienti
749 905 843 962 statim
859 920 948 982 posse
966 905 1074 963 contin·
1148 905 1154 912 '

8 1027 10 1046 t
66 1007 156 1068 germ
186 985 249 1062 sed,
272 988 345 1045 sicut
374 986 402 1044 in
423 986 600 1062 cogitatione
616 987 826 1065 praecipimus,
852 987 892 1046 ita
907 987 1076 1064 facilitatem

8 1077 10 1122 ἰ
66 1090 187 1152 quoque
212 1069 440 1148 extemporalem
464 1087 480 1129 a
501 1071 597 1147 parvis
619 1071 706 1129 initiis
728 1070 864 1148 paulatim
883 1071 1075 1148 perducemus

8 1163 10 1174 ’
66 1157 105 1218 ad
120 1173 266 1231 summam,
283 1172 357 1232 quae
372 1171 467 1232 neque
485 1153 588 1232 perlici
604 1171 699 1231 neque
715 1155 856 1214 contineri
871 1155 925 1214 nisi
942 1174 994 1214 usu
1011 1165 1074 1234 pot·

8 1255 9 1260 ’
68 1251 125 1302 est.
161 1235 297 1299 Ceterum
317 1239 472 1316 peruenire
496 1253 532 1296 eo
557 1237 659 1312 debet,
685 1247 716 1296 ut
736 1240 875 1315 cogitatio
896 1255 953 1298 non
976 1241 1074 1317 utique
1084 1250 1119 1304 19

66 1323 173 1386 melior
189 1326 226 1383 sit
244 1341 278 1383 ea
289 1322 341 1396 scd
354 1326 455 1389 tutior;
475 1339 537 1381 cum
553 1321 626 1381 banc
638 1321 806 1381 facilitatem
818 1339 874 1382 non
889 1340 976 1400 prosa
988 1323 1074 1382 modo

8 1457 10 1462 .
67 1410 150 1470 mtrlti
166 1409 222 1467 sint
241 1408 406 1481 consecuti,
430 1405 482 1465 sed
502 1407 587 1464 etiarn
604 1406 744 1482 carmine,
767 1415 798 1466 ut
819 1406 972 1485 Antipater
991 1408 1074 1467 Sido·

8 1559 9 1570 ,
67 1495 133 1553 nitus
150 1501 178 1550 et
193 1490 316 1552 Licinius
333 1489 471 1558 Arabiam
494 1489 667 1550 credendum
691 1491 765 1550 enim
783 1487 918 1550 Ciceroni
936 1499 996 1564 est3
1018 1509 1075 1551 non

8 1589 9 1594 ’
67 1579 136 1656 quia
154 1577 261 1634 nostris
281 1592 396 1652 quoquc
419 1573 597 1652 temporibus
621 1592 678 1634 non
701 1582 731 1634 et
749 1575 873 1634 iecerint
889 1575 1003 1654 quidam
1017 1575 1074 1636 boc

68 1671 98 1720 et
114 1659 230 1719 faciant.
265 1657 349 1730 Quod
366 1667 532 1717 tamennon
549 1659 643 1736 ipsum
662 1668 719 1718 tarn
734 1658 887 1736 probabile
904 1668 985 1737 puto,
1009 1659 1074 1737 (ne·
1140 1667 1144 1682 ¹

69 1763 126 1824 que
144 1744 218 1803 enim
234 1741 321 1802 habet
337 1751 384 1801 ant
398 1760 480 1800 usum
492 1759 541 1800 res
557 1750 604 1801 aut
620 1743 845 1822 necessitatem)
865 1759 948 1821 quarn
969 1743 1074 1804 exbur-

69 1828 163 1888 tandis
179 1829 206 1886 in
222 1826 295 1886 banc
310 1845 403 1904 spem,
420 1827 468 1904 qui
483 1826 548 1884 loro
564 1834 791 1904 praeparantur,
810 1826 881 1886 utile
900 1826 1073 1904 exemplum.

9 1973 10 1978 ,
68 1911 173 1990 Neque
195 1927 267 1970 vero
290 1918 367 1970 tanta
389 1927 456 1968 esse
477 1927 600 1987 unquam
625 1908 713 1969 debet
733 1909 835 1970 inducia
858 1909 1025 1984 facilitatis,
1046 1921 1120 1974 atad

8 2013 10 2040 ι
68 2013 128 2054 ηοιι
144 1995 234 2078 breve
247 1993 350 2054 saltem
368 2003 497 2071 tempus,
519 1993 597 2071 quod
618 2010 756 2072 nusquam
769 1993 833 2053 iere
852 1993 961 2068 deerit,
984 1994 1019 2054 ad
1040 2013 1074 2054 ea

68 2097 145 2158 quae
162 2078 265 2138 dicturi
282 2080 369 2137 simus
392 2076 570 2156 dispicienda
588 2095 746 2144 eumanum
768 2077 796 2136 in
818 2077 930 2138 iudiciis
953 2095 987 2137 ac
1009 2079 1074 2138 loro

8 2171 10 2176 “
68 2164 153 2224 datur
169 2179 299 2245 semper,
330 2159 433 2239 Neque
457 2163 531 2220 enim
553 2162 702 2239 quisquam
719 2169 779 2236 est,
797 2163 845 2239 qui
861 2177 977 2222 causam
991 2179 1074 2240 quarn

68 2264 127 2306 non
149 2245 281 2306 didicerit
302 2253 378 2322 agat.
423 2243 644 2305 Declamatores
675 2244 815 2324 quosdam
837 2263 977 2324 perversa
999 2246 1115 2309 ducittt

8 2349 10 2358 ’
67 2330 198 2405 ambitio,
213 2338 244 2388 ut
260 2330 392 2407 exposita
409 2331 609 2389 controversia
624 2331 754 2407 protinus
771 2329 871 2389 dicere
886 2329 987 2397 velint;
1007 2331 1075 2407 quin

68 2416 172 2489 etiam,
193 2413 268 2492 quod
292 2422 336 2473 est
352 2413 490 2492 inprimis
507 2413 640 2472 frivolum
657 2431 691 2473 ac
706 2415 871 2488 scenicum,
888 2412 1008 2473 verbum
1024 2432 1074 2492 pe·

8 2553 9 2568 ι
66 2506 146 2575 tant,
165 2515 222 2577 quo
240 2498 386 2576 incipiant.
422 2497 480 2556 Sed
497 2505 553 2557 tam
569 2497 797 2557 contumeliosos
821 2499 849 2556 in
866 2513 899 2556 se
916 2497 990 2557 ridet
1005 2499 1074 2556 invi·

69 2601 135 2644 cern
159 2582 343 2661 eloquentia,
371 2589 400 2640 et
430 2583 478 2658 qui
499 2581 593 2640 stultis
614 2581 706 2640 videri
728 2581 831 2641 eruditi
854 2581 972 2655 volunt,
994 2581 1077 2641 stulti

8 2735 9 2738 Ἴ
69 2665 190 2727 eruditis
209 2664 378 2726 iudicantur.
412 2665 441 2724 st
460 2683 515 2742 qua
528 2665 747 2724 tamenlortuna
764 2673 821 2724 tam
836 2664 957 2724 subitam
972 2665 1120 2726 leocritia

68 2749 174 2828 agendi
188 2751 408 2810 necessitatem:
428 2748 580 2808 mobiliore
601 2749 723 2826 quodam
742 2748 886 2826 opuserit
902 2749 1029 2824 ingenio,
1047 2757 1076 2808 et

68 2835 114 2894 vis
131 2835 221 2892 omnis
237 2831 409 2894 intendenda
424 2833 522 2908 rebus,
539 2842 568 2892 et
584 2834 610 2891 in
627 2833 791 2911 praesentia
807 2832 1008 2892 remittendum
1024 2832 1074 2892 ali·

69 2917 138 2998 quid
155 2935 192 2976 ex
209 2935 276 2978 cura
293 2916 467 2993 verborum,
489 2918 513 2976 si
537 2918 676 2994 consequi
698 2927 851 2994 utrumque
870 2933 927 2976 non
951 2915 1073 2976 dabitur.

69 3001 140 3060 l'urn
154 3009 182 3060 et
198 3001 307 3068 tardior
322 3001 515 3080 pronuntiatio
531 3017 626 3061 moras
638 3001 726 3060 babet
741 3009 769 3060 et
783 3011 927 3079 suspensa
945 3019 979 3061 ac
994 2999 1075 3060 velut

69 3083 202 3144 dubitans
219 3087 327 3161 oratio,
351 3095 381 3144 ut
396 3094 490 3144 tamen
508 3083 672 3145 deliberare
687 3103 744 3144 non
756 3084 900 3145 haesitare
916 3085 1073 3145 videamur.

69 3167 148 3244 lloc,
166 3167 231 3228 ditm
246 3170 409 3247 egredimur
427 3187 442 3228 e
460 3175 561 3246 portu,
578 3170 603 3228 si
618 3185 672 3228 nos
688 3169 811 3229 nonduin
826 3170 931 3246 aptatis
945 3168 1015 3229 satis
1031 3172 1120 3227 ιιι-ιδ

69 3253 219 3312 oramentis
237 3263 306 3330 aget
328 3263 446 3322 ventus;
468 3252 572 3312 deinde
598 3251 732 3331 paulatim
747 3252 830 3312 sitnul
846 3261 947 3312 euntes
965 3249 1075 3328 aptabi-

68 3355 133 3395 mus
147 3336 215 3396 vela
231 3345 259 3396 et
277 3337 462 3416 disponemus
480 3336 617 3396 rudentes
636 3347 665 3396 et
683 3337 795 3416 impleri
807 3337 885 3396 sinus
901 3334 1073 3414 optabimus.

68 3417 100 3480 ld
118 3421 231 3498 potius,
257 3439 339 3498 quarn
367 3440 398 3480 se
421 3423 494 3480 inani
510 3421 667 3480 verborum
685 3422 806 3481 torrenti
821 3419 890 3480 dare
907 3419 988 3500 quasi
1003 3427 1075 3478 tern-

68 3501 242 3583 pestatibus,
259 3519 316 3583 quo
332 3503 448 3582 volent,
465 3504 661 3565 auferendum.
