2436 3956
343 224 432 271 nasu.
446 222 593 271 cunnos.
605 224 674 270 crs.
686 225 759 291 vnr,
771 222 799 275 4.
1024 217 1064 278 69

67 381 174 439 rictam
193 378 394 437 continentiam
411 375 590 452 ostenderet,
610 395 684 456 qnae
697 381 841 456 corrumpi
857 379 1064 458 speciosissimi

7 465 11 470 '
67 462 190 522 bominis
216 470 273 521 tam
295 460 381 519 obvia
405 460 553 520 voluntate
580 477 637 520 non
660 471 773 539 posset.
806 461 881 535 Quin
903 481 940 524 ex
960 466 1107 529 instro-al

66 554 165 604 mento
184 561 301 622 quoquc
322 543 442 602 beroem
463 543 576 602 illorum
598 545 762 621 magnitudo
786 547 961 607 aestimanda
980 549 1063 608 nobis

66 631 161 689 datur.
198 627 261 688 lluc
268 627 401 708 pertinet
426 627 537 704 clipeus
554 627 652 687 Aiacis
673 637 703 688 et
717 628 812 688 Pelias
828 628 961 690 netttlts.
1001 631 1063 704 Qua

66 713 174 770 virtute
196 712 316 787 egregie
340 720 385 768 est
405 727 473 768 usus
495 710 524 768 in
546 708 678 808 Cyclope
699 710 855 788 Vergilius
896 712 967 773 Nam
987 715 1064 793 quod

66 793 139 855 illud
156 811 261 872 eorpus
278 802 373 852 mente
392 794 562 872 concipiam,
579 795 659 859 euius

298 875 422 937 Trunca
436 895 558 946 maurim
575 879 668 957 pieres
684 879 785 957 repit?
801 908 842 926 -·

69 957 166 1033 Quid?
187 977 251 1019 cum
272 961 324 1020 oie
340 960 468 1021 loricam
489 961 549 1021 dato
572 962 765 1040 multiplicem
788 964 911 1024 connixi
931 965 1106 1028 iamet-iere
1126 1003 1150 1018 ··

5 1059 9 1066 ·
66 1044 184 1122 serunt,
200 1041 506 1120 quantus'llemoleos,
523 1045 571 1122 qui
585 1044 698 1106 indutus
715 1063 750 1104 ea

272 1143 311 1172 ²-
335 1146 429 1188 eursu
444 1128 586 1205 palantes
603 1127 700 1189 Troes
721 1129 855 1206 apeliote

69 1207 167 1284 Quid?
192 1208 230 1269 Μ,
248 1209 358 1270 'l'ullius
381 1211 418 1270 de
432 1208 470 1268 ll.
487 1209 603 1269 Antonii
625 1211 736 1270 luxuria
757 1219 863 1271 tantum
880 1211 989 1288 lingere
1009 1213 1065 1272 sal·

69 1302 128 1352 tem
143 1294 302 1371 potuisset,
329 1302 463 1371 quantum
478 1293 604 1353 ostendit
624 1295 765 1370 dicendo,
787 1293 992 1374 conchyliatis
1012 1293 1065 1356 Cn.

72 1375 204 1455 Pompeii
223 1378 446 1456 peristromatis
458 1395 616 1438 servorum
634 1379 666 1438 in
683 1379 767 1439 cellis
782 1385 896 1441 stratos
916 1379 1009 1440 lectos
1023 1381 1066 1440 oi·

70 1461 185 1521 dores?
222 1457 409 1535 Gonebyliata
443 1461 644 1538 peristromata
675 1471 704 1522 et
735 1459 788 1521 Cn.
816 1462 946 1540 Pompeii
971 1471 1066 1522 terunt

70 1545 148 1602 servi
165 1551 194 1603 et
211 1543 310 1602 cellis:
332 1544 402 1603 nibil
423 1543 480 1604 diei
497 1553 594 1622 potest
610 1545 698 1620 ultra,
723 1554 752 1604 et
768 1563 892 1606 necesse
910 1555 1066 1606 esttamen

71 1625 179 1686 infinito
194 1626 260 1704 plus
275 1628 303 1686 in
324 1627 438 1687 domino
457 1629 596 1705 cogitare.
642 1627 695 1687 Est
716 1628 773 1688 hoo
793 1630 886 1689 simile
907 1629 965 1705 illi,
989 1629 1109 1707 quoditi

72 1708 196 1786 ἔμφασις
216 1710 332 1778 dicitur;
356 1710 408 1770 sed
429 1710 479 1770 illa
501 1729 538 1770 ex
559 1711 649 1770 verbo
670 1711 733 1771 boc
759 1730 796 1771 ex
817 1730 851 1772 re
871 1714 1066 1773 coniecturam

73 1792 141 1852 lacit
142 1802 295 1878 tantoque
310 1794 375 1872 plus
389 1793 483 1867 valet,
507 1804 612 1871 quanto
628 1812 676 1853 res
694 1796 756 1873 ipsa
772 1795 869 1854 verbis
886 1805 930 1855 est
948 1795 1064 1856 firmior.

142 1863 255 1937 Potest
274 1876 380 1937 ascribi
403 1838 615 1955 amplificationi
638 1879 836 1955 congeries
859 1894 975 1957 quoque
1000 1898 1073 1939 ver·

71 1957 171 2018 borum
195 1979 229 2020 ao
249 1962 454 2020 sententiarum
479 1959 553 2019 idern
575 1961 803 2038 significantium.
850 1960 931 2036 Nam,
955 1963 1066 2022 etiarnsi

70 2059 127 2101 non
143 2061 196 2121 per
210 2043 316 2122 gradus
334 2045 505 2121 ascendant,
528 2053 622 2104 tamen
637 2045 718 2104 velut
733 2061 839 2105 acervo
856 2045 980 2121 quodam
995 2045 1065 2106 alle-

69 2134 187 2186 vantur:
221 2125 302 2200 Qua
322 2129 401 2189 caim
425 2129 575 2204 luusille,
601 2127 736 2206 Tubero,
761 2129 927 2190 destrictus
947 2131 980 2190 iu
998 2131 1108 2191 uuest

69 2207 254 2271 Pleorsolica
266 2211 391 2289 pladius
402 2211 535 2288 αρεὸαι9
552 2212 640 2273 eruas
650 2215 731 2273 lotus
744 2212 796 2274 ille
806 2227 912 2273 mucro
925 2214 1066 2290 petebat?

70 2294 124 2370 pei
137 2312 245 2354 seusus
261 2303 329 2356 erat
345 2313 500 2356 erutorum
518 2297 656 2356 tuorum?
672 2310 753 2373 quae
769 2302 823 2356 lua
837 2297 944 2356 mens?
963 2297 1066 2357 oculi?

68 2379 201 2438 manus?
223 2378 321 2439 ardor
341 2378 457 2438 animi?
480 2379 555 2454 quid
570 2380 746 2478 cupiebas?
754 2378 830 2457 quid
845 2379 995 2455 optabas?
1022 2380 1065 2438 Si·

67 2459 137 2519 mile
159 2469 204 2520 est
223 2459 279 2520 boo
294 2461 436 2538 bguree,
442 2479 525 2558 quam
547 2453 769 2541 συναθροισμὸν
788 2470 909 2528 vocant;
933 2462 986 2523 sed
1005 2462 1066 2522 illie

70 2529 215 2623 plurium
215 2561 310 2602 rerum
334 2553 380 2603 est
401 2546 573 2622 congeries,
590 2544 637 2604 bic
652 2565 733 2605 unius
745 2545 955 2624 multiplicatio
986 2545 1066 2606 llaec

69 2627 155 2686 etiam
169 2645 306 2688 crescere
318 2627 395 2686 solet
409 2628 506 2687 verbis
525 2627 655 2686 omnibus
669 2629 754 2688 altius
766 2637 853 2706 atquc
869 2627 983 2688 altius'
975 2646 1066 2689 insur-

67 2709 221 2786 gentibus·
215 2756 221 2769 .
234 2707 353 2772 Aderat
362 2712 475 2772 ianitor
492 2713 643 2787 carceris,
657 2713 800 2791 corruscat
807 2713 973 2791 praetoris,
985 2731 1067 2773 mors

68 2803 229 2871 terrorque
244 2796 397 2856 sociorum
417 2804 446 2856 et
460 2797 569 2856 ciuium
588 2794 809 2871 Romanorum,
825 2796 915 2856 lictor
931 2793 1065 2858 Sestius.

154 2875 265 2937 Eadem
290 2878 353 2937 iere
384 2887 429 2937 est
457 2879 530 2939 ratio
562 2879 714 2939 minuendi.
760 2878 832 2938 Nam
860 2878 979 2939 totidem
1003 2886 1108 2941 suntid

67 2960 292 3020 ascendentibus
323 2970 392 3039 quot
419 2961 661 3022 descendentibus
686 2962 803 3040 gradus.
853 2961 982 3040 Ideoque
1009 2979 1065 3020 uno

70 3061 122 3102 ero
148 3043 283 3122 exemplo
304 3053 455 3104 contentus
478 3047 540 3105 eius
563 3046 636 3121 loci,
667 3063 724 3124 quo
748 3043 853 3106 Cicero
877 3045 913 3105 de
935 3047 1066 3106 oratione

6 3171 8 3182 ,
68 3127 146 3186 llulli
162 3126 334 3187 haecdicit:
357 3125 454 3189 Pauci
467 3137 584 3206 tamen,
602 3131 655 3207 qui
664 3131 800 3209 proaimi
816 3130 991 3204 estimant,
1012 3148 1066 3190 rte·

68 3212 134 3272 seio
156 3211 232 3288 qaid
255 3211 339 3273 illum
358 3211 397 3272 de
421 3214 487 3290 lepe
509 3215 642 3290 apr-oria
659 3215 774 3275 voluiso
798 3214 903 3274 dicere
924 3213 1067 3292 suspica-

67 3295 190 3356 bantur.
232 3293 316 3367 Quod
338 3295 363 3353 si
384 3293 419 3354 ad
436 3295 614 3356 intellectum
628 3297 756 3373 referas,
778 3296 895 3355 minutio
912 3305 970 3364 est;
992 3294 1016 3354 si
1032 3295 1067 3355 ad

69 3376 287 3453 obscuritatem,
305 3378 519 3438 incrementum

157 3460 225 3522 Soio
255 3477 344 3540 posse
368 3462 458 3522 uideri
486 3461 653 3541 quibusdam
678 3462 808 3542 speeiem
839 3450 1110 3542 amplificationis‘lil
