2436 3956
286 205 712 276 uusn.onnro1r.n1n.vn1,
729 207 793 262 nt.
1003 205 1042 264 75

17 364 73 430 felt
94 364 172 424 vitiis
191 380 306 429 carere;
329 379 382 434 ne,
401 363 466 422 dum
487 363 618 423 volumus
641 381 708 424 esse
727 365 865 426 meliores
881 369 1040 446 veteriltus,

17 441 19 496 ἶ
33 449 125 508 simus
140 455 246 507 tautum
260 445 423 523 dissimiles.

121 529 250 591 Reddam
265 547 355 604 nunc,
373 546 457 607 quam
473 532 631 608 proximam
647 540 756 609 partem
771 532 900 594 dixeram
921 551 988 595 esse
1004 535 1040 596 de
1048 546 1083 601 35

15 615 177 692 tropis,
203 629 277 690 quos
297 621 396 674 motus
411 611 561 672 clarissimi
583 622 745 676 nostrorum
767 625 903 676 auctores
923 628 1038 678 vocant.
1136 631 1138 636 ’

30 696 145 758 llorum
169 695 283 755 tradere
301 705 460 774 praecepta
482 705 511 755 et
530 699 707 773 grammatici
728 699 834 758 solent.
876 700 935 760 Sed
950 718 966 761 a
981 719 1039 777 me,

30 799 102 840 cum
118 779 155 839 de
180 779 294 839 illorum
315 779 414 840 cilicio
430 777 584 857 loquerer,
605 780 692 840 dilata
708 798 776 858 pars
794 781 869 844 haec
889 792 951 858 est,
974 787 1040 862 quia

30 863 73 924 de
98 872 201 922 ornatu
223 863 361 922 orationis
378 863 497 939 gravior
516 861 668 924 videbatur
689 862 772 924 locus
790 875 819 925 et
836 867 937 926 maiori
957 869 1041 944 operi

30 945 240 1007 reservandus.

348 1127 356 1134 -
444 1096 487 1147 DE
506 1096 632 1151 TROPIS.

121 1191 172 1252 vt.
203 1191 343 1271 Tropus
365 1202 410 1252 est
429 1191 512 1253 verbi
533 1193 582 1254 vel
596 1195 744 1253 ,sermonis
765 1196 915 1272 aproprin
931 1197 1039 1273 signill-

28 1278 152 1338 catione
168 1276 195 1334 in
212 1275 295 1336 aliam
312 1294 375 1336 curn
391 1277 497 1336 uirtute
511 1279 638 1338 mutatio.
676 1275 760 1338 Circa
779 1295 863 1354 quem
878 1279 1037 1355 interplica-

29 1360 103 1421 bilis
129 1369 158 1419 et
179 1361 371 1436 grammaticis
399 1360 474 1419 inter
501 1360 583 1438 ipsos
607 1369 636 1420 et
659 1359 841 1439 philosophis
863 1379 958 1439 pugna
981 1372 1035 1438 est,
1094 1405 1099 1410 -

30 1462 113 1523 quae
135 1444 190 1502 sint
209 1453 334 1519 genera,
361 1460 437 1521 quae
459 1444 593 1522 species,
616 1446 664 1523 qul
684 1461 839 1517 numerus,
864 1446 912 1522 qul
933 1447 1037 1524 cuique

32 1527 214 1587 subiicintur.
258 1524 320 1586 Nos
338 1527 468 1601 omissis,
491 1544 564 1604 quae
583 1526 653 1587 nihil
674 1528 710 1588 ad
726 1527 921 1587 instruendum
940 1537 1064 1600 orato-2

32 1629 99 1671 rem
111 1610 270 1688 pertinent,
287 1609 538 1684 cavillationibus,
559 1613 744 1672 necessarios
759 1611 881 1670 maxime
902 1621 989 1690 etque
1010 1614 1049 1671 inv

34 1711 120 1754 nsum
134 1701 271 1770 receptos
287 1711 477 1770 exequemur;
499 1692 572 1753 haec
587 1694 672 1753 modo
689 1695 716 1752 in
733 1693 778 1754 his
795 1703 950 1753 annotasse
970 1713 1037 1755 con·

33 1777 124 1852 tenti,
141 1775 280 1854 quosdam
294 1779 387 1853 gratia
402 1776 619 1854 significationis
633 1777 772 1854 quosdam
787 1777 903 1837 decoris
920 1779 1036 1853 assumi,

30 1871 66 1921 et
87 1877 154 1919 esse
177 1859 251 1919 alios
270 1861 297 1918 in
313 1859 410 1919 verbis
426 1861 553 1938 propriis
578 1859 652 1920 alios
672 1862 701 1919 in
720 1859 882 1932 translatis,
905 1862 1038 1938 vertique

30 1947 145 2006 formas
160 1960 217 2003 non
227 1943 381 2003 verborum
395 1943 481 2003 modo
497 1943 594 2003 sedet
612 1961 747 2003 sensuum
763 1951 792 2001 et
808 1943 1035 2018 compositionis.

31 2027 135 2102 Quare
152 2027 219 2086 mihi
236 2028 369 2088 videntur
385 2045 517 2102 errasse,
542 2027 664 2105 quinon
681 2025 754 2086 alios
777 2025 960 2086 crediderunt
978 2033 1066 2086 tro-3

31 2130 107 2190 pos,
132 2128 215 2187 quam
236 2111 263 2169 iu
283 2110 386 2188 qulbus
402 2109 522 2170 verbum
540 2127 594 2188 pro
612 2109 704 2170 verbo
723 2118 891 2188 poneretur.
935 2107 1038 2187 Neque

29 2194 107 2256 illud
124 2195 243 2269 ignoro,
266 2195 295 2252 in
310 2193 411 2253 iisdem
426 2193 504 2268 iere,
529 2194 577 2270 qui
593 2192 773 2271 significandi
787 2193 880 2268 gratia
902 2191 1038 2252 adhiben-

31 2289 98 2352 tur,
117 2295 185 2336 esse
201 2287 230 2336 et
241 2286 386 2344 ornatum;
406 2276 529 2336 sednon
545 2276 620 2337 idem
634 2276 748 2336 accidet
764 2284 882 2350 contra,
899 2285 1039 2354 eruntque

31 2361 152 2440 quidam
168 2369 274 2420 tantum
290 2359 325 2420 ad
340 2361 469 2437 speciem
484 2360 703 2421 accommodati.

119 2442 290 2522 Incipiamus
314 2445 399 2520 igitur
422 2443 457 2502 ab
480 2461 533 2518 eo,
564 2444 611 2521 qui
633 2462 696 2503 cum
717 2443 967 2522 frequentissimus
993 2447 1066 2501 estl

31 2538 94 2588 tum
116 2526 204 2603 longe
222 2525 447 2604 pulcherrimus,
474 2527 727 2587 translatione
750 2527 832 2601 dico,
864 2543 938 2604 quae
956 2545 1038 2602 pero·
1169 2531 1171 2534 ’

31 2605 116 2691 φορὰ
132 2609 244 2670 Graece
261 2619 391 2670 vocatur.
433 2609 515 2682 Quae
530 2611 644 2687 quidem
661 2611 778 2669 comita
795 2619 839 2669 est
855 2607 891 2669 ab
908 2610 970 2686 ipsa
986 2625 1036 2666 no·

30 2695 79 2754 bis
103 2711 246 2754 concessa
261 2703 378 2767 natura,
400 2702 431 2754 nt
447 2693 553 2752 indocti
570 2709 686 2770 quoque
702 2709 737 2751 ac
750 2709 808 2750 non
825 2692 983 2751 sentientes
1002 2708 1037 2749 ea

19 2779 206 2855 Trequeuter
222 2786 351 2837 utantur:
372 2785 430 2835 tum
444 2777 483 2836 ita
498 2775 620 2835 iucunda
636 2785 722 2852 atque
738 2774 843 2849 nitida,
871 2783 901 2832 ut
923 2775 951 2832 in
972 2789 1036 2832 torau

32 2864 114 2920 tione
131 2859 288 2939 quamlibet
306 2859 383 2920 clara
401 2861 520 2937 proprio
539 2868 633 2918 tamen
649 2859 754 2919 lumine
773 2857 896 2917 eluceat.
933 2855 1065 2933 Neque5

31 2945 111 3002 enim
136 2943 265 3019 vulgaris
288 2961 355 3002 esse
376 2959 470 3020 neque
495 2943 608 3002 humilis
630 2960 684 3001 nec
706 2942 831 3000 insuavis
853 2951 934 3000 recte
951 2939 1037 3000 modo

32 3029 128 3086 ascita
144 3035 252 3105 potest.
297 3024 416 3104 Copiam
439 3043 556 3103 quoque
579 3026 720 3084 sermonis
740 3032 828 3100 auget
849 3022 1037 3101 permutando

30 3119 82 3170 ant
104 3110 273 3183 mutuando,
297 3128 372 3188 quae
391 3125 449 3168 non
471 3108 572 3177 haben
598 3108 733 3186 quodque
759 3106 956 3168 difficillimum
982 3115 1037 3181 est,

32 3202 183 3273 praestat,
195 3211 232 3252 ne
244 3192 295 3252 ulli
309 3195 352 3253 rei
362 3209 466 3252 nomen
478 3193 583 3251 deesse
598 3192 740 3252 videatur.
767 3191 952 3250 Transfertur
965 3205 1037 3264 ergo

33 3295 141 3336 nomen
152 3286 200 3336 aut
214 3275 334 3336 verbum
350 3295 387 3336 eu
400 3293 437 3334 eo
454 3276 538 3349 loco,
557 3277 585 3334 in
601 3292 658 3352 quo
677 3276 824 3353 proprium
839 3282 900 3348 est,
919 3274 946 3331 in
962 3289 1037 3344 eum,

33 3362 63 3418 in
82 3368 204 3437 quoaut
221 3361 367 3438 proprium
383 3358 467 3418 deest
483 3367 530 3418 aut
546 3357 712 3418 translatum
730 3358 849 3435 proprio
865 3355 966 3415 melius
982 3363 1037 3412 est.

34 3441 65 3502 ld
85 3442 222 3518 iacimus,
241 3451 289 3504 aut
304 3445 370 3521 quia
390 3459 514 3502 necesse
528 3450 589 3517 est,
609 3450 657 3500 aut
673 3442 739 3519 quia
755 3439 959 3516 significantius
981 3446 1065 3513 est,o
