2470 3962
889 105 963 177 b

235 274 239 278 .
336 207 733 274 1usu.onnron.urn.x1‚
758 204 785 258 a.
1006 195 1067 256 227

34 362 148 422 tentiae
164 361 311 422 vibrantes
326 361 422 438 digitis
437 361 594 422 iaculantur
608 371 655 422 aut
669 381 752 424 manu
766 361 877 422 sublata
889 361 1054 424 denuntiant

9 479 13 490 =
36 457 105 520 aut,
135 446 213 524 quod
235 463 289 522 per
310 463 342 504 se
365 446 476 505 interim
496 445 694 524 recipiendum
712 455 772 522 est,
795 446 929 525 quotiens
945 446 1054 526 aliquid

37 529 116 608 rpsis
138 529 263 608 placuit,
286 531 313 587 in
337 547 448 606 ungues
471 530 633 606 eriguntur;
658 529 711 590 sed
733 530 867 590 vitiosum
884 530 912 590 id
933 529 1050 606 faciunt,

36 622 87 672 aut
105 613 210 692 digito,
228 621 360 691 quantum
376 612 526 690 plurimum
542 622 678 690 possunt,
696 623 799 674 erecto
817 624 863 672 aut
879 613 965 673 etiam
981 614 1050 674 duo·

9 701 11 706 ’
36 697 113 773 bus,
139 707 187 756 aut
202 705 322 774 utraque
338 713 421 756 manu
437 697 472 756 ad
489 697 603 756 modum
619 696 726 776 aliquid
743 697 914 775 portantium
931 713 1050 776 compo·

35 783 104 840 sita.
140 779 190 839 His
208 779 350 850 accedunt
372 781 439 840 vitia
460 797 517 839 uon
539 789 657 840 naturae
673 781 726 840 sed
746 780 963 858 trepidationis,
987 799 1050 842 cum
1059 779 1107 834 121
1163 817 1166 821 -

36 881 93 924 ore
121 871 313 924 concurrente
333 863 435 932 rixari;
465 865 489 924 si
517 864 655 924 memoria
676 862 818 924 fefellerit
842 873 889 924 aut
911 865 1048 942 cogitatio

9 1005 11 1010 ,
35 965 96 1007 non
114 947 298 1024 suffragetur,
316 947 397 1024 quasi
412 945 544 1008 faucibus
559 947 666 1026 aliquid
682 947 836 1026 obstiterit,
854 948 1003 1014 insonare:
1021 949 1049 1006 in

9 1063 12 1070 ·
36 1031 194 1092 adversum
218 1039 337 1107 tergere
364 1048 466 1107 nares,
494 1031 681 1092 obambulare
704 1048 838 1109 sermone
863 1030 1047 1108 imperfecto,

35 1116 182 1175 resistere
198 1113 293 1174 subito
311 1122 340 1173 et
356 1112 469 1174 laudem
485 1115 601 1174 silentio
617 1131 758 1192 poscere;
782 1133 856 1194 quae
873 1115 966 1174 omnia
982 1133 1048 1192 per·

37 1199 124 1278 sequi
142 1215 236 1276 prope
251 1197 388 1257 inlinitum
404 1208 457 1258 est.
482 1199 539 1258 Sua
554 1199 628 1258 enim
644 1199 748 1277 cuique
764 1208 828 1258 sunt
843 1199 922 1262 vitia.
944 1197 1049 1258 Pectus
1057 1199 1107 1251 122

37 1300 73 1342 o
88 1290 193 1341 venter
209 1299 246 1340 ne
262 1281 459 1360 proiiciantur,
474 1282 700 1350 observandum;
717 1282 841 1361 pandant
858 1282 933 1340 enim
950 1289 1049 1359 poste-

35 1367 134 1439 riora,
159 1373 188 1424 et
211 1373 256 1424 est
277 1364 377 1424 odiosa
393 1366 485 1425 omnis
502 1367 651 1444 supinitas.
682 1365 785 1426 batera
802 1383 865 1425 cum
880 1373 965 1442 gestu
980 1382 1048 1425 con
1112 1398 1120 1410 =

38 1449 171 1508 sentiant.
200 1445 284 1508 Facit
300 1449 374 1508 enim
390 1447 497 1527 aliquid
513 1459 542 1508 et
556 1450 643 1509 totius
660 1451 792 1548 corporis
809 1457 914 1524 motus,
930 1447 1005 1508 adeo
1019 1458 1050 1509 ut

38 1530 146 1592 Cicero
163 1531 227 1609 plns
245 1524 294 1590 illo
311 1532 357 1610 agi
373 1551 457 1611 quant
471 1533 633 1594 manibus
624 1535 695 1611 rpsis
711 1535 801 1613 putet.
831 1532 874 1592 lta
890 1533 966 1592 enim
981 1532 1050 1592 dicit

39 1617 66 1674 in
59 1613 224 1674 Oratore:
244 1612 356 1677 Nullae
376 1619 519 1696 argutiae
543 1619 722 1717 digitorum,
744 1637 805 1679 noo
827 1619 1050 1678 adnumerum

38 1699 192 1760 articulum
213 1699 345 1772 codena,
368 1707 477 1762 trunco
500 1704 599 1779 magis
620 1710 679 1762 toto
701 1704 821 1779 seipse
842 1691 1008 1763 ntodcrcne
1020 1707 1050 1761 et

37 1784 121 1843 cirili
134 1783 264 1843 laterum
280 1779 421 1860 flexione.
453 1781 558 1843 llemur
577 1785 683 1859 ferire,
708 1785 787 1863 quod
803 1783 924 1843 Athenis
941 1785 1106 1862 primus123
1122 1818 1161 1838 ...·

38 1865 148 1925 fecisse
165 1863 420 1943 crediturGleon,
443 1877 473 1926 et
493 1869 632 1928 usitatum
652 1876 696 1927 est
717 1876 746 1926 et
763 1867 945 1944 indignantes
961 1867 1049 1926 decet

39 1961 67 2009 et
84 1950 191 2009 excitat
205 1949 374 2010 auditorem.
401 1951 492 2030 ldque
508 1952 535 2010 in
551 1948 665 2024 Calidio
678 1947 784 2011 Cicero
801 1949 964 2017 desiderem
981 1947 1049 2012 Non

36 2035 135 2111 frome,
152 2033 255 2112 iuquit,
270 2051 437 2111 percusso,
455 2054 515 2096 ooo
528 2036 638 2115 femur.
672 2033 856 2114 Quanquam,
873 2035 897 2093 si
914 2032 994 2108 licet,
1011 2033 1047 2092 de

26 2119 134 2177 fronte
150 2115 299 2176 dissentio.
330 2115 402 2177 Nam
419 2119 504 2179 etiam
520 2119 710 2198 complodere
726 2137 825 2179 manus
841 2118 988 2178 scenicum
1004 2123 1054 2176 est.

10 2205 11 2208 ’
39 2210 67 2261 et
89 2209 190 2280 pectus
215 2200 351 2260 caedere.
382 2201 455 2262 lllud
477 2219 593 2282 quoque
615 2218 682 2263 raro
707 2201 840 2276 decebit,
870 2218 941 2262 cava
964 2200 1106 2260 manulll

9 2355 10 2358 Ἴ
40 2285 153 2344 summis
171 2284 267 2361 digitis
284 2293 386 2362 pectus
403 2295 557 2364 appetere,
576 2287 600 2345 si
618 2286 732 2364 quando
749 2294 862 2345 nosmet
877 2286 962 2362 ipsos
976 2283 1047 2342 allo-

39 2369 160 2448 quimur,
176 2366 372 2444 cohortantes,
389 2368 586 2446 obiurgantes,
603 2371 789 2437 miserantem
807 2368 884 2447 quod
897 2368 921 2426 si
934 2367 1048 2445 quando

39 2454 98 2526 liet,
117 2453 213 2527 togam
228 2467 345 2531 quoqne
360 2452 428 2513 inde
442 2455 587 2513 removeri
603 2471 659 2513 non
675 2451 841 2513 dedecebit.
872 2451 904 2511 ln
923 2449 1048 2530 pedibus

39 2535 233 2595 observantur
255 2543 345 2596 status
367 2545 396 2596 et
413 2537 556 2597 incessus.
586 2536 703 2598 Prolato
720 2537 823 2597 dextro
841 2545 919 2595 stare
936 2544 964 2593 et
981 2551 1048 2594 ean·

39 2619 104 2679 dem
126 2636 237 2679 manum
260 2636 295 2678 ac
317 2620 422 2716 pedem
444 2621 514 2699 prof
512 2639 595 2696 erre,
620 2619 753 2680 deforme
777 2628 832 2679 est.
869 2617 901 2677 ln
916 2617 1048 2676 dextrum
1056 2622 1106 2675 120

9 2723 10 2728 ¹
39 2701 204 2762 incumbere
222 2703 334 2762 interim
351 2698 433 2764 ddtur
449 2704 501 2764 sed
517 2721 611 2782 aequo
627 2713 767 2782 pectore,
785 2702 833 2801 qui
848 2710 945 2760 tamen
960 2701 1048 2759 comi-

41 2805 90 2846 cus
106 2786 197 2862 magis
213 2803 295 2864 quarn
311 2789 452 2847 oratorius
467 2796 569 2864 gestus
585 2796 639 2847 est
666 2785 743 2846 blale
760 2787 845 2846 etiam
861 2785 889 2844 in
905 2783 1049 2842 sinistrum

41 2869 143 2948 pedem
160 2870 349 2930 insistentium
367 2871 471 2930 dexter
487 2879 534 2930 aut
549 2870 660 2931 tollitur
675 2879 722 2930 aut
739 2869 856 2928 summis
872 2867 970 2944 digitis
986 2883 1048 2926 sus·

42 2953 180 3030 penditur.
212 2952 354 3014 Varieare
377 2972 465 3032 supra
487 2954 600 3014 modum
623 2963 653 3014 et
675 2954 703 3012 in
728 2952 829 3014 stando
853 2950 986 3012 deforme
1003 2958 1048 3009 est

42 3047 79 3110 et,
96 3037 256 3096 accedente
276 3046 369 3114 motu,
393 3055 486 3116 prope
512 3037 680 3098 obscenum.
712 3036 1106 3113 Procursioopportunaltfi
1192 3085 1193 3090 ,

41 3121 147 3195 brevis,
164 3121 331 3196 moderata,
346 3136 422 3181 rara.
455 3118 616 3181 Conveniet
632 3122 717 3181 etiam
733 3119 887 3182 ambulatio
904 3117 1047 3197 quaedam

40 3214 161 3282 propter
176 3204 343 3264 immodicas
360 3204 551 3265 laudationum
567 3223 679 3280 moras,
695 3221 860 3283 quanquam
878 3199 986 3262 Cicero
1002 3219 1047 3261 ra·

42 3307 99 3346 rum
116 3289 262 3347 incessum
277 3304 372 3366 neque
388 3289 426 3348 ita
448 3288 564 3366 longum
578 3288 696 3365 probat.
727 3287 899 3347 Discursare
918 3293 1047 3360 vernet,

9 3371 116 3452 quod
134 3370 276 3430 Domitius
292 3370 364 3431 Afer
380 3373 416 3432 de
433 3373 505 3432 Sura
520 3371 716 3446 Mallio-dixit,
732 3380 886 3468 eotaqere,
901 3368 1047 3446 ineptissi-

9 3473 127 3560 mum
155 3455 323 3534 urbaneque
346 3453 452 3516 Flavus
471 3455 626 3533 Verginius
650 3453 898 3597 interrogavit15dp
920 3451 1047 3531 quodam
