2470 3962
298 193 767 260 rnsr.onnrou.crs.x11,ro.
993 185 1052 248 271

35 347 263 426 Demosthenes
277 348 351 407 male
368 331 414 412 sic¹
427 350 557 424 egisset,
580 358 609 408 ut
625 353 757 430 scripsit,
784 361 831 412 aut
847 350 976 412 Cicero?
1005 361 1053 412 ant

36 449 95 505 eos
120 433 386 510 praestantissimos
412 441 544 492 oratores
561 431 617 494 alia
640 453 672 495 re
695 453 778 514 qnam
804 436 921 516 scriptis
941 427 1052 514 cogno·

35 511 182 590 scimus'l
205 513 310 588 Melius
326 525 450 592 egerunt
467 517 554 593 igitur
572 517 607 576 an
624 519 707 596 peius
715 517 729 576 ‘l
762 515 833 592 Nam
850 521 874 580 si
890 522 990 597 peius:
1008 519 1052 578 sic

34 601 142 678 potius
162 601 289 676 oportuit
312 597 385 674 dici,
407 608 437 659 ut
453 601 649 676 scripserunt;
677 603 702 660 si
719 602 838 664 melius:
862 604 904 661 sic
923 605 1052 683 oportuit

35 682 150 758 scribi,
166 691 196 740 ut
211 680 353 752 dixerunt.
387 681 461 755 Quid
478 679 571 760 ergo?
601 685 725 764 Semper
741 687 783 746 sic
799 696 867 764 aget
884 693 998 760 orator,
1022 695 1095 754 ut55

35 763 176 830 scribet?
212 767 241 824 Si
270 763 386 842 licebit,
414 785 541 844 semper.
585 767 696 840 Quodsi
724 769 881 848 impediant
907 767 1050 829 brevitate

33 859 176 928 tempora
195 867 210 909 a
227 849 321 910 iudice
339 847 420 910 data:
436 849 553 910 multum
570 869 607 910 ex
623 869 679 927 eo,
706 853 783 932 qnod
799 854 891 934 potnit
908 854 980 929 dici,
1004 873 1050 912 re·

35 933 172 1000 cidetur;
197 930 284 995 editio
301 929 420 994 habebit
436 936 539 995 omnia.
577 933 726 1008 Quaedam
746 939 904 1016 secundum
921 946 1051 996 naturam

33 1015 227 1096 iudicantium
242 1017 318 1078 dicta
334 1025 410 1092 sunt,
425 1035 482 1079 non
499 1018 536 1081 ita
553 1021 680 1095 posteris
696 1019 862 1095 tradentur,
880 1040 916 1096 ne
932 1021 1050 1080 videan-

33 1101 249 1180 turpropositi
266 1101 355 1164 inisse
374 1118 431 1161 non
447 1104 596 1180 temporis.
628 1099 699 1170 Nam
716 1104 744 1163 id
761 1095 880 1184 qnoque
897 1095 1095 1183 plurimnmss

33 1185 150 1260 relect,
170 1185 314 1264 quomodo
332 1185 430 1262 andire
446 1185 534 1246 iudex
548 1185 635 1261 velit,
652 1197 747 1266 atque
764 1190 826 1262 eius
842 1187 939 1248 vultus
958 1206 1049 1267 saepe

33 1271 106 1350 ipse
131 1278 228 1353 rector
250 1278 295 1331 est
319 1267 458 1346 dicentis,
485 1279 515 1329 ut
538 1267 644 1330 Cicero
666 1273 818 1352 praecipit.
855 1269 986 1350 Ideoque
1008 1273 1050 1330 in·

34 1353 174 1430 standum
194 1353 246 1429 iis,
265 1347 344 1432 'quae
367 1353 488 1433 plaeere
511 1350 710 1429 intellexeris,
736 1355 923 1416 resiliendum
946 1355 1049 1428 abiis,

35 1455 118 1517 quae
144 1453 203 1499 non
227 1438 414 1516 recipientur·
450 1438 551 1512 Sermo
576 1439 656 1516 ipse,
687 1439 735 1516 qui
760 1437 898 1500 facillime
925 1438 1050 1501 iudicem

35 1523 159 1598 doceat,
176 1520 327 1600 optandus.
357 1519 421 1600 Nec
437 1521 464 1582 id
480 1523 580 1584 mirum
594 1523 646 1597 sit,
666 1541 730 1582 cum
747 1523 832 1582 etiam
850 1524 967 1582 testium
982 1539 1048 1598 per·

36 1607 123 1667 sonis
146 1604 247 1684 aliqua
265 1613 417 1666 mutentur.
457 1603 617 1668 Prudenter
641 1607 732 1681 enim,
762 1608 810 1685 qui
838 1624 902 1666 cum
925 1606 1092 1674 interro-57

35 1697 145 1768 gasset
160 1690 298 1751 rusticum
314 1697 434 1765 testem,
454 1708 489 1760 an
505 1683 702 1768 Amphionem
718 1699 837 1766 nosset,
854 1698 980 1767 negante
999 1704 1047 1763 eo,

36 1774 168 1835 detraxit
193 1770 398 1854 aspirationem
425 1771 626 1850 breviavitque
653 1774 810 1834 secundam
837 1776 899 1832 eius
926 1774 1048 1832 nominis

37 1855 202 1935 syllabam,
231 1856 333 1920 stille
361 1875 425 1918 eum
450 1857 492 1916 sic
515 1859 624 1936 optime
646 1865 739 1918 norat.
771 1855 940 1918 Huiusmodi
963 1873 1048 1915 casus

37 1942 189 2015 efficiunt,
213 1939 411 2018 utaliquando
428 1940 540 2001 dicetur
556 1940 641 2006 aliter
657 1957 741 2018 quom
758 1939 908 2015 scribitur,
927 1958 991 2000 cum
1007 1939 1047 1998 di·

39 2044 129 2100 cere,
146 2025 291 2102 quomodo
308 2019 491 2094 scribendum
508 2033 571 2098 est,
586 2039 644 2083 non
660 2025 739 2084 licet.
756 2057 761 2076 ι

129 2108 231 2188 Altera
249 2117 294 2170 est
309 2110 428 2182 divisio,
451 2126 526 2186 quae
545 2107 573 2166 in
596 2117 656 2168 tres
673 2116 772 2186 partes
790 2117 819 2167 ct
831 2109 899 2186 ,ipsa
914 2105 1048 2182 discedit,
1059 2121 1094 2174 53

39 2211 99 2275 qua
117 2193 242 2266 discerni
264 2209 355 2270 posse
380 2193 466 2252 etiam
487 2201 568 2252 recte
596 2192 710 2253 dicendi
731 2209 841 2268 genera
865 2190 938 2249 inter
955 2209 987 2249 se
1006 2191 1047 2248 vi·

39 2280 157 2340 dentur.
185 2275 317 2354 ,Namque
334 2293 419 2335 unum
436 2274 602 2350 subtile,
627 2275 705 2354 quod
722 2263 822 2352 ἰσχνὸν
837 2283 958 2349 vocant,
977 2275 1049 2332 alte·

40 2379 107 2422 rum
122 2363 260 2437 grande
277 2369 363 2438 atque
380 2357 586 2432 robustum,
612 2359 689 2440 quod
706 2351 801 2438 ridebo
817 2357 928 2433 dicunt,
942 2357 1049 2416 consti-

40 2453 140 2512 tuunt;
159 2446 272 2506 tertium
287 2443 335 2502 alii
350 2442 502 2502 medium
518 2461 555 2502 ex
571 2441 683 2502 duobus
700 2440 748 2503 alii
764 2441 939 2500 floridum
957 2441 1049 2518 (nam-

41 2547 101 2608 que
124 2526 151 2587 id
176 2517 312 2607 ἀνθηρὸν
334 2525 497 2606 appellant)
523 2519 704 2600 addiderunt.
741 2525 869 2598 Quorum
895 2533 989 2584 tamen
1016 2541 1093 2594 ea59

40 2615 107 2673 fere
122 2614 195 2671 ratio
211 2621 273 2686 est,
298 2621 328 2670 ut
344 2612 464 2689 primum
481 2610 622 2684 docendi,
648 2607 808 2668 secundum
823 2607 974 2682 movendi,
992 2617 1050 2666 ter·

41 2699 116 2756 tium
141 2693 211 2756 illud
239 2705 420 2772 utrocunque
446 2695 560 2754 nomine
590 2692 755 2755 delectandi
786 2692 849 2750 sive
876 2690 1050 2752 conciliandi

42 2788 196 2859 praestare
218 2779 349 2840 videatur
373 2777 517 2844 officium
539 2779 567 2836 in
589 2776 723 2839 docendo
746 2783 842 2836 autem
864 2791 1001 2848 acumen,
1023 2775 1051 2832 in

43 2862 228 2922 conciliando
251 2861 371 2938 lenitas,
394 2863 422 2920 ln
441 2861 585 2932 movendo
608 2862 651 2921 vis
674 2861 752 2936 exigi
776 2859 917 2922 videatur.
948 2856 1050 2936 ltaque

42 2947 98 3008 illo
120 2945 216 3004 subtili
238 2946 395 3024 praecipue
417 2947 490 3006 ratio
516 2944 649 3006 narrandi
673 2942 874 3022 probandique
898 2943 1049 3015 consistet,

43 3029 98 3088 sed
123 3029 199 3106 quod
221 3031 306 3091 etiam
327 3029 465 3090 detractis
487 3029 596 3088 ceteris
618 3027 771 3089 virtutibus
789 3043 842 3086 suo
859 3043 971 3103 genere
987 3025 1049 3102 ple·

42 3130 121 3172 num·
146 3111 265 3182 ,Medius
280 3112 327 3172 hic
343 3113 447 3176 modus
462 3109 745 3174 ettranslationibns‘
759 3110 890 3180 crebrior
906 3118 934 3170 et
951 3109 1049 3185 liguris
1059 3115 1094 3168 60

45 3197 102 3255 erit
112 3196 285 3270 iucundior,
312 3195 531 3276 egressionibus
547 3213 701 3270 amoenus,
725 3194 937 3274 compositione
954 3198 1049 3270 aptus,

44 3281 197 3342 sententiis
215 3279 326 3355 doleis,
353 3278 447 3358 lenior
468 3288 563 3342 tamen
584 3288 615 3338 ut
632 3279 721 3358 amnis
738 3275 849 3338 lucidus
866 3276 981 3354 quidem
998 3273 1050 3332 sed

45 3363 205 3424 virentibus
228 3366 361 3441 euinque
384 3363 504 3441 sepibus
528 3361 713 3430 inumbratus.
751 3361 789 3422 At
811 3360 878 3434 ille,
908 3361 955 3436 qui
981 3366 1090 3419 saxaol

47 3447 189 3513 devolvat
203 3457 233 3508 et
244 3457 365 3526 pontem
379 3447 557 3526 indipnetur
572 3453 601 3506 et
616 3447 695 3524 ripas
710 3443 884 3520 sibilaciat,
901 3444 1005 3502 multus
1021 3450 1051 3500 et
