2494 3952
393 190 483 238 rusa.
497 188 646 236 stennon.
660 189 727 236 cru.
742 191 793 254 ιιι,
809 190 832 238 ι.
1049 181 1107 240 187

92 355 166 408 runt
190 345 365 424 cogitatione
390 342 637 419 complectantur,
662 343 763 403 subitis
787 362 825 403 ex
846 354 979 422 tempore
1004 363 1107 405 occur·

92 439 175 490 rant.
207 427 292 502 Quod
308 428 417 488 iecisse
433 425 472 486 tt.
496 425 619 486 Tullium
637 429 850 486 commentariis
867 430 955 504 ipsius
972 441 1105 507 apparet.

93 513 162 574 Sed
178 513 307 572 feruntur
322 511 443 570 aliorum
459 526 576 588 quoque
594 519 623 568 et
638 511 745 570 inuenti
761 511 850 586 lorte,
867 521 896 571 ut
912 529 965 570 eos
981 513 1108 572 dicturus

92 598 225 676 quisque
242 603 464 672 composuerat,
483 601 512 652 et
528 596 555 651 in
571 593 663 653 libros
681 592 801 678 digesti,
818 603 847 652 ut
866 613 1015 655 causarum
1032 615 1106 675 qnae

96 689 169 740 eunt
183 687 267 738 actae
284 695 301 738 a
319 678 383 737 Ser.
402 676 550 756 Sulpicio,
575 679 654 736 cuius
671 686 732 737 tres
750 680 898 737 orationes
914 688 1027 746 extant;
1054 681 1106 741 sed

94 763 128 823 lni
145 764 182 822 de
201 761 305 841 quibus
321 757 426 840 loquor
442 762 638 821 commentarii
663 763 700 820 ita
716 771 780 821 sunt
806 764 901 826 exacti
911 807 919 836 ,
941 772 971 821 ut
988 762 1024 823 ab
1041 766 1106 841 ipso

94 847 168 906 mihi
184 846 213 905 in
224 845 389 904 memoriam
406 845 585 922 posteritatis
599 843 752 904 videantur
763 864 831 904 esse
849 847 1012 923 compositi.
1035 846 1107 906 Nam
1115 852 1147 906 31

40 985 62 1010 ,,
99 928 256 990 Ciceronis
279 929 315 989 ad
343 945 482 1007 praesens
507 927 594 988 modo
618 937 733 1006 tempus
758 929 1019 1007 aptatoslibertus
1037 929 1106 989 Tiro
1162 945 1166 952 ·

98 1014 260 1080 contraxit;
292 1028 366 1091 qnos
381 1028 438 1070 non
452 1011 520 1070 ideo
537 1029 665 1088 excuso,
691 1013 756 1090 quia
772 1030 828 1071 non
844 1013 983 1090 probem,
1007 1015 1059 1073 sed
1077 1023 1107 1072 ut
1122 1066 1126 1070 .

98 1101 159 1156 sint
173 1097 264 1172 magis
287 1094 483 1156 admirabiles.
514 1093 545 1154 ln
563 1095 620 1154 lroc
637 1113 748 1172 genere
764 1114 884 1174 prorsus
901 1099 1015 1175 recipio
1032 1097 1106 1157 hanc

98 1181 222 1240 brevem
239 1182 452 1240 annotationem
474 1177 670 1257 libellosque,
698 1181 745 1258 qni
766 1180 815 1239 vel
837 1199 920 1240 manu
942 1190 1104 1258 teneantur,

98 1274 131 1324 et
160 1265 196 1323 ad
225 1281 299 1341 quos
327 1264 438 1322 interum
464 1264 616 1340 respicere
644 1263 688 1322 las
714 1264 760 1321 sit.
794 1263 871 1324 lllnd
897 1265 974 1342 qnod
994 1263 1149 1325 Laenas32

6 1405 7 1408 ,
98 1347 246 1427 praecipit
261 1347 398 1425 displicet
412 1345 490 1422 mihi,
507 1346 556 1406 vel
572 1347 599 1405 in
615 1345 658 1406 his
674 1363 750 1425 quae
766 1349 970 1426 scripserimus
982 1366 1107 1408 summas

99 1435 130 1492 in
152 1432 386 1491 commentarium
408 1439 436 1490 et
458 1431 552 1507 capita
577 1430 722 1490 conferre.
756 1429 838 1491 Facit
860 1433 935 1491 enim
957 1432 1106 1492 ediscendi

100 1515 311 1600 negligentiam
323 1515 397 1574 haec
412 1514 476 1591 ipsa
493 1514 596 1574 liducia
611 1525 640 1574 et
664 1514 774 1575 lacerat
790 1533 825 1576 ac
841 1515 984 1576 delormat
1000 1518 1105 1575 oratio-

101 1607 179 1660 n'em.
206 1597 270 1674 Ego
283 1607 378 1658 autem
390 1616 427 1657 ne
440 1597 624 1658 scribendum
637 1599 751 1676 quidem
763 1609 843 1678 puto,
861 1600 937 1678 quod
949 1617 1006 1659 non
1019 1602 1106 1660 simus

100 1683 241 1743 memoria
254 1683 446 1762 persecuturi.
475 1680 548 1740 Nam
563 1683 596 1744 id
607 1699 723 1760 qnoque
743 1684 858 1759 accidit,
876 1693 905 1743 ut
920 1692 1106 1744 revocetncs

103 1767 242 1844 cogitatio
257 1767 292 1827 ad
309 1767 358 1826 illa
374 1764 524 1826 elaborata
539 1783 595 1824 nec
611 1767 684 1826 sinat
700 1777 884 1845 praesentem
901 1768 1042 1828 fortunam
1055 1786 1105 1826 ex·

104 1851 204 1930 periri.
235 1851 286 1910 Sic
308 1868 417 1928 anceps
441 1849 516 1908 inter
538 1858 689 1928 utrumque
711 1851 820 1909 animus
839 1860 967 1926 aestuat,
993 1869 1056 1910 cum
1079 1858 1149 1911 et33

103 1935 212 2012 scripta
229 1934 353 2012 perdidit
370 1943 398 1994 et
414 1949 471 1992 non
487 1933 600 2012 quaerit
621 1950 706 1993 nova.
737 1934 797 1995 Sed
812 1933 849 1992 de
864 1935 1001 1995 memoria
1018 1935 1122 1994 desti·

51 2073 59 2078 .
102 2026 185 2078 natus
202 2026 248 2077 est
270 2017 345 2078 libro
371 2018 503 2096 proximo
518 2017 603 2077 locus
618 2035 673 2076 nec
698 2017 764 2077 lmic
787 2020 860 2096 parti
878 2018 1105 2096 subiungendns,

102 2102 169 2181 quia
187 2111 250 2161 sunt
268 2101 322 2163 alia
340 2103 419 2181 prius
437 2100 521 2168 nobis
540 2101 674 2161 dicenda.
745 2169 748 2172 ,

458 2461 636 2544 crena
675 2463 737 2527 ιιι.

101 2593 180 2642 Libro
199 2589 331 2640 undecimo
351 2591 413 2642 lraec
437 2595 608 2643 continentur:
643 2593 680 2643 De
699 2599 757 2658 apte
781 2592 901 2650 dicendo,
931 2592 1005 2653 qnid,
1029 2605 1105 2652 quam

137 2675 273 2725 personam
291 2668 314 2709 et
329 2675 382 2710 rem
394 2660 492 2722 deceat,
512 2676 561 2725 quo
580 2663 654 2713 modo
667 2661 820 2712 medendum
832 2662 865 2710 sit
878 2660 920 2718 iis,
940 2674 1005 2722 quae
1016 2667 1106 2710 natura
1170 2718 1176 2723 ,

137 2743 227 2793 partum
250 2731 368 2793 speciosa
386 2737 452 2782 sunt.
486 2731 523 2780 De
542 2732 679 2794 memoria,
704 2731 751 2780 snb
776 2745 825 2792 quo
844 2729 926 2793 capite
951 2743 992 2778 ars
1010 2743 1105 2779 memo-
1161 2785 1165 2794 .

137 2799 240 2860 uiaeque
259 2800 415 2852 exercitatio.
451 2799 489 2850 De
501 2800 719 2866 pronuntiatione,
745 2799 791 2848 snb
810 2811 859 2862 quo
883 2797 966 2862 capite
985 2796 1017 2847 de
1035 2797 1106 2848 vocis

138 2874 236 2923 tratura,
253 2866 285 2916 de
304 2881 364 2917 orara
382 2869 507 2933 eiusdem,
527 2869 559 2918 de
576 2877 661 2935 gestu,
680 2869 712 2918 de
731 2867 809 2928 cultu,
827 2866 888 2930 quid
906 2867 996 2928 cuique
1014 2879 1105 2915 causae
1177 2864 1179 2870 '

137 2937 283 2993 corruerint,
304 2936 365 2998 quid
382 2939 473 3000 cuique
490 2939 571 3002 parti,
596 2945 620 2988 et
639 2938 770 2988 sententiis
792 2948 814 2987 et
833 2935 919 2986 verbis
938 2936 999 2999 quid
1019 2949 1106 2998 oriem-

137 3020 184 3066 que
205 3004 302 3062 deceat,
321 3005 468 3055 intuendum
486 3015 531 3056 est.

442 3143 485 3194 brt
504 3144 588 3194 ΑΡΤΕ
606 3143 758 3196 DIGENDO.

167 3270 188 3329 l.
210 3253 327 3347 Parata,
346 3274 419 3332 sicut
434 3273 586 3351 superiore
603 3271 678 3331 libro
691 3271 863 3344 continetur,
880 3269 1016 3330 facultate
1033 3267 1103 3326 scri·

102 3355 188 3416 bendi
212 3355 417 3434 cogitandique
440 3365 469 3416 et
492 3375 529 3416 ex
547 3365 678 3433 tempure
701 3356 802 3430 etiam,
826 3371 888 3412 cnm
914 3370 963 3412 res
987 3359 1103 3429 poscet,
1165 3421 1167 3431 ,

102 3439 214 3515 orandi,
233 3440 362 3518 proxima
376 3449 420 3499 est
436 3457 514 3516 cura,
531 3449 565 3500 nt
582 3438 741 3499 dicamus
757 3446 854 3516 apte:
874 3454 958 3518 quam
971 3436 1105 3495 virtutem
