2436 3956
284 232 750 300 rusr.onnron.n1e.vn1‚e.
929 308 932 314 Ι
978 224 1018 286 to

23 393 123 464 cimus,
146 397 177 450 et
198 389 323 449 carmina
343 387 466 465 Vergilii
486 387 669 467 Verqiliom
690 389 809 449 venisse
831 398 1019 466 commeatus,

25 477 67 553 qni
86 473 256 540 afferantur;
281 473 477 550 sacrilepium
493 473 729 550 deprehensum,
750 487 808 529 non
828 473 1017 550 sacrdegum3

23 576 170 618 orreorum
185 557 344 617 seientiam
354 555 483 632 dobere,
500 572 557 614 non
572 556 651 616 artis.
681 553 754 613 lllnd
771 570 887 631 quoque
904 566 933 615 et
950 563 1061 634 poe-st

25 641 57 700 tis
72 649 100 699 et
115 637 279 699 oratoribus
295 638 447 715 frequens,
464 655 521 715 qno
537 639 582 714 id,
601 637 678 716 quod
693 636 799 712 eibcit,
816 655 853 696 ex
868 655 922 714 eo,
942 638 1019 716 quod

26 723 160 797 efficitur,
177 721 366 781 ostendimus.
400 720 470 780 Nam
485 730 515 780 et
528 724 681 781 carminum
697 729 849 784 auctores:

63 804 183 867 Pallida
198 823 281 866 roure
301 820 399 882 oeque
414 806 518 884 poisat
535 807 617 883 pede
630 821 804 883 pauperum
818 805 976 878 tuberone,

24 898 50 948 ei

61 970 270 1050 Pallentesque
288 971 427 1034 dubitent
447 972 545 1033 morbi
559 972 715 1048 tristisque
732 978 893 1039 senectuer

24 1065 51 1115 et
70 1065 166 1115 orator
178 1056 381 1134 praecipitem
394 1057 491 1132 irum,
507 1055 634 1116 tttarem
651 1055 904 1130 adolescentium,
925 1073 1019 1133 seyne

24 1141 108 1200 otium
122 1140 208 1199 dicet.

103 1221 153 1282 Est
168 1224 255 1283 etiam
270 1220 337 1282 huic
358 1228 443 1299 tropo
466 1221 606 1299 quaedam
623 1238 686 1280 cum
702 1221 890 1296 synecdoche
905 1221 1063 1280 vicinimss

24 1301 106 1381 Nam,
127 1323 189 1366 cum
210 1305 279 1365 dico
299 1305 547 1366 vultushominis
569 1321 622 1382 pro
643 1304 739 1379 vultu,
769 1305 834 1364 dico
856 1303 1019 1381 pluraliter,

28 1387 96 1463 quod
110 1388 259 1466 singulare
274 1396 334 1455 est;
354 1387 406 1447 sed
422 1387 518 1456 nonid
530 1403 598 1465 ago,
615 1396 646 1446 ut
661 1402 745 1446 unum
757 1405 794 1446 ex
807 1387 903 1446 multis
915 1386 1019 1446 intelli·

28 1479 120 1548 gutur,
137 1473 215 1550 (nam
231 1471 263 1531 id
284 1480 329 1530 est
343 1471 539 1550 manifestum)
559 1471 611 1530 sed
632 1487 736 1530 nomen
756 1473 887 1536 immuto:
912 1479 1038 1529 etcum

29 1563 117 1613 aurete
128 1565 204 1615 tecta
214 1573 335 1616 aureo.-
354 1555 487 1632 pusillum
503 1553 539 1613 ab
552 1571 586 1614 ea
601 1554 732 1629 discedo,
753 1555 818 1632 quia
835 1562 950 1616 nonest
965 1555 1019 1612 nisi

17 1651 88 1710 'pars
100 1648 241 1700 curatura.
265 1636 346 1711 Quae
361 1638 474 1713 singula
486 1638 592 1714 exequi
603 1639 761 1696 minutioris
774 1646 819 1696 est
832 1654 920 1696 curse
935 1638 1020 1695 etism

32 1733 81 1776 non
94 1732 236 1782 oratorem
255 1719 468 1780 instruentibus.

104 1804 381 1879 Antonomasia‚
402 1822 476 1882 quae
491 1803 599 1882 aliquid
614 1819 667 1881 pro
682 1805 796 1863 nomine
811 1804 906 1881 ponit,
924 1804 1063 1879 poetisait

31 1893 139 1965 utroque
155 1889 245 1949 'modo
261 1887 508 1966 frequentissima,
532 1896 560 1945 et
575 1904 628 1964 per
644 1886 808 1964 epitheton,
834 1885 910 1964 quod
926 1884 1019 1944 detra·

32 1977 72 2027 cto
86 1987 133 2046 eo,
148 1974 193 2032 cni
209 1972 383 2050 apponitur,
399 1970 478 2030 vaiet
492 1987 547 2049 pro
562 1971 692 2046 nomine,
713 1969 862 2050 Tydides,
880 1966 1019 2031 Pelides:

16 2087 17 2128 3
33 2059 100 2112 etex
114 2054 173 2131 bis,
193 2072 270 2134 qnae
286 2055 314 2113 in
329 2071 447 2133 quoque
462 2062 527 2113 sunt
543 2054 716 2132 praecipue:

16 2147 18 2216 g
180 2173 222 2186 -
237 2136 351 2199 Divum
365 2145 457 2216 puter
471 2147 563 2215 atque
577 2138 727 2198 dominum
741 2154 819 2206 rem·

16 2219 18 2300 ᾗ
35 2226 104 2278 etex
118 2221 216 2299 iactis,
237 2222 341 2298 quibus
357 2236 483 2299 persona
498 2223 641 2296 signetur:
705 2269 711 2281 .

16 2309 17 2364 i
180 2338 222 2350 -
242 2303 387 2366 Tboiumo
401 2319 481 2382 puae
495 2304 562 2382 fleo
578 2303 700 2381 reliquit
713 2301 840 2381 Impius.

16 2385 17 2458 ζ
34 2379 186 2447 Oratoribus
203 2389 317 2449 etiamsi
337 2405 419 2448 rurus
441 2388 503 2446 eius
519 2388 578 2462 rei,
600 2386 754 2446 nonnullus
770 2394 865 2445 tamen
880 2400 949 2442 usus
966 2391 1065 2446 esebo

16 2463 17 2510 ἶ
38 2462 99 2526 Nam
118 2479 147 2530 nt
164 2470 303 2551 Tydiden
320 2479 349 2530 et
370 2468 493 2532 Peliden
514 2486 572 2529 non
593 2470 733 2530 dixerint:
756 2471 795 2529 ita
816 2468 949 2528 dixerunt
963 2467 1020 2526 irrr-

34 2550 107 2624 pium
121 2561 149 2612 et
159 2556 375 2633 parricidam
392 2572 563 2616 eversorem
578 2570 695 2631 quoqne
708 2550 904 2629 Cortbopinis
916 2560 944 2611 et
954 2548 1019 2608 Nn-

35 2637 153 2698 montioe
163 2655 216 2716 pro
229 2638 367 2716 Scipione
376 2646 408 2704 ,et
417 2637 574 2698 Rcmcooe
585 2637 775 2715 eloquentiae
783 2636 954 2713 principem
967 2648 1020 2710 pro

36 2709 163 2780 Cicerone
178 2722 314 2800 posuisse
329 2736 386 2779 non
402 2719 539 2780 dubitent.
583 2718 651 2796 lpse
667 2726 748 2778 certe
764 2735 833 2776 usus
855 2724 900 2775 est
917 2714 972 2773 bac
987 2714 1020 2774 li·

35 2792 146 2862 bertate:
162 2802 229 2865 Non
241 2795 335 2865 multo
347 2822 478 2882 peccas,
493 2805 591 2881 inquit
604 2804 654 2864 itte
666 2802 831 2880 fortissimo
841 2801 908 2860 rire
919 2799 1022 2859 senior

37 2885 174 3025 proplrl'eter.
211 2887 349 2947 Neutrum
373 2887 447 2946 enim
472 2903 576 2947 nomen
601 2895 646 2944 est
665 2885 790 2964 positum
815 2892 845 2942 et
870 2890 1021 2960 utrumque

36 2970 84 3022 rute
106 2968 198 3044 igitur.

16 3043 18 3050 ’
105 3043 390 3130 Ὀνοματοποιΐα
405 3053 536 3131 quidem,
551 3053 580 3112 id
594 3061 639 3112 est
653 3053 731 3113 fictio
747 3051 885 3127 nominis,
902 3047 1062 3111 Graecisdl

37 3125 100 3189 iuter
112 3138 246 3196 maximas
264 3137 360 3197 habits
377 3138 514 3212 virtutes,
533 3135 616 3195 nobis
629 3138 678 3195 vix
694 3135 875 3214 permittitur.
907 3132 944 3192 Et
957 3140 1021 3190 sunt

38 3207 143 3283 plurima
158 3220 196 3279 ita
211 3221 306 3298 posita
322 3220 358 3281 ab
370 3221 420 3296 iis,
437 3223 485 3298 qui
500 3236 662 3279 sermonem
680 3219 762 3296 primi
779 3218 911 3278 iecerunt
922 3223 1020 3293 aptan-

39 3297 77 3350 tes
87 3298 231 3362 affectibus
245 3319 357 3363 vocem.
382 3302 453 3363 Nam
468 3305 599 3382 mopitrts
611 3312 640 3362 et
650 3305 757 3364 sibilos
768 3310 797 3361 et
808 3318 946 3361 murmur
956 3297 1022 3356 inde

41 3389 173 3442 venerunt.
216 3386 344 3464 Deinde,
371 3396 504 3464 tanquam
527 3394 720 3445 consummata
741 3386 797 3443 sint
817 3382 927 3458 omnia,
954 3379 1064 3442 nibilitb

39 3471 167 3529 generare
187 3468 322 3529 audemus
347 3472 419 3549 ipsi,
446 3487 509 3529 cum
531 3468 618 3528 multa
635 3469 741 3528 cotidie
762 3465 937 3556 abantiquis
956 3464 1023 3524 dcta
1129 3467 1143 3512 -“
