2470 3962
179 183 241 245 240
520 193 559 244 td.
579 191 657 242 ΕΑΒ.
680 189 888 254 barnuinum

180 367 379 430 nonnunquam
398 351 505 412 excidit
525 341 588 429 ipsa
602 347 761 428 ,sincicum
792 348 863 410 inde
880 349 1053 411 immodeste
1075 367 1187 430 propo·

138 447 172 501 13
181 444 259 510 nunt,
276 437 340 494 sine
354 435 466 514 pudore
481 434 632 494 aidrmant.
662 433 798 510 Sequitur
813 434 841 491 in
857 433 902 509 iis,
920 451 995 513 quae
1011 442 1126 494 certum
1142 447 1187 496 est

150 544 153 550 ·
180 519 258 580 eiiioi
273 536 330 578 nou
348 535 455 597 posse,
478 518 616 578 deiormis
637 518 795 594 pertinacia
813 524 843 577 et
864 519 961 578 irritus
978 517 1073 578 labor.
1114 517 1185 578 Nam

179 606 253 663 siout
274 605 302 662 iu
324 603 428 663 vitain
451 603 546 662 causis
570 617 687 680 qunque
710 617 780 678 spes
803 600 949 680 improbas
963 601 1083 662 habent.
1116 601 1185 664 Fre·
1221 649 1222 652 η

180 696 303 765 quenter
328 697 422 747 autem
444 685 564 761 accidit,
593 693 623 744 ut
649 684 692 743 his
715 685 801 743 etiam
825 702 896 744 vera
922 685 1088 747 dicentibus
1113 686 1184 748 iides
1221 763 1222 766 Ἴ

179 771 264 846 desit,
280 771 471 848 videaturque
485 768 550 828 talis
566 768 724 829 advocatus
739 768 833 828 maiae
851 785 956 828 causae
971 770 1184 846 argumentum.
1221 777 1222 800 ¹

139 866 173 918 14
268 853 350 914 Nunc
371 854 407 915 de
430 855 465 912 iis
486 852 638 913 dicendum
661 861 722 924 est,
748 869 821 929 quae
843 851 911 912 mihi
933 855 1017 930 quasi
1033 856 1184 932 conspira-

183 941 261 998 tione
280 938 401 1016 quadam
418 937 497 1014 vulgi
518 935 670 996 reclamari
689 935 830 996 videntur.
862 933 968 996 Orator
984 953 1059 1015 ergo
1075 936 1184 998 Demo-

178 1022 297 1082 sthenes
322 1037 379 1080 non
397 1018 469 1080 initi
492 1022 570 1098 atqui
591 1019 694 1079 maium
716 1021 807 1078 virum
830 1021 1008 1097 accepimns.
1046 1019 1115 1080 Non
1138 1020 1183 1082 Ci·

179 1103 271 1165 cerci
287 1107 364 1182 atqui
380 1105 461 1164 huius
478 1119 594 1182 quoque
609 1119 706 1162 morea
721 1103 801 1162 multi
816 1102 1078 1181 reprehenderunt.
1109 1105 1184 1179 Quid

179 1185 284 1267 agend
299 1207 401 1266 magna
417 1189 552 1265 responsi
567 1186 672 1246 invidia
689 1186 836 1248 subeunda
854 1196 909 1263 est,
925 1188 1103 1265 mitigandae
1121 1198 1184 1248 sunt

138 1275 256 1352 ueprius
274 1290 369 1333 aures.
402 1269 470 1332 Mihi
492 1272 567 1331 enim
590 1287 645 1330 nec
662 1269 876 1331 Demosthenes
898 1281 955 1331 tam
971 1273 1056 1348 gravi
1072 1290 1182 1332 morum

179 1359 282 1435 dignus
297 1357 409 1417 videtur
425 1355 547 1429 invidia,
571 1363 602 1414 ut
626 1356 738 1429 omnia,
764 1371 839 1434 quae
862 1355 890 1415 in
914 1373 977 1414 eum
999 1355 1037 1414 ab
1060 1357 1181 1416 inimicis

179 1448 319 1517 congesta
335 1449 414 1514 sunt,
438 1439 571 1514 credam,
595 1457 659 1498 cum
681 1438 872 1516 pulcherrima
890 1440 951 1497 eius
968 1439 995 1498 iu
1011 1457 1044 1500 re
1064 1439 1182 1518 publica

137 1522 299 1588 idconsilia
326 1533 355 1583 et
381 1523 465 1582 iinem
493 1523 569 1582 vitae
599 1520 706 1582 clarum
733 1520 842 1599 legam3
880 1540 936 1582 nec
958 1521 1061 1583 Maron
1086 1522 1182 1584 Tullio

178 1607 308 1669 defuisse
324 1606 410 1666 video
434 1607 461 1664 iu
483 1604 542 1664 ulia
560 1613 642 1684 parte
658 1605 728 1665 civia
744 1606 844 1684 optimi
858 1605 1046 1666 voluntatem.
1087 1606 1181 1666 'iesti-

177 1691 272 1752 monio
286 1699 331 1749 est
343 1698 424 1750 actus
438 1687 618 1749 nobilissime
637 1689 812 1764 consolatus,
828 1690 1015 1766 integerrime
1031 1693 1182 1769 provincia

177 1775 370 1836 administrata
394 1782 423 1833 et
445 1773 612 1851 repudiatus
634 1773 859 1850 vigintiviratus,
883 1782 913 1833 et
930 1773 1065 1834 civilibus
1083 1775 1179 1850 bediis,

178 1877 252 1940 quae
268 1860 296 1916 in
313 1867 437 1919 aetatem
453 1858 515 1916 eius
530 1857 700 1934 gravissima
716 1857 885 1933 inciderunt,
904 1875 1000 1937 neque
1015 1875 1071 1936 spe
1085 1877 1179 1938 neque

176 1952 252 2003 metu
273 1942 435 2002 declinatus
453 1941 579 2016 animus,
602 1957 659 2018 quo
682 1941 773 2000 miuus
796 1942 912 2019 optimis
932 1941 1129 2020 repentibus,
1153 1941 1178 2002 id

137 2031 222 2086 riost
238 2027 280 2085 rei
295 2025 446 2104 publicae,
469 2027 613 2102 iungeret.
649 2023 751 2084 Parum
772 2025 854 2084 fortis
869 2025 983 2086 videtur
998 2025 1178 2104 quibusdam,

178 2109 281 2189 quibus
310 2109 416 2186 optime
443 2107 594 2186 respondit
619 2109 698 2185 ipse,
728 2127 787 2168 com
810 2129 842 2170 sc
865 2110 1003 2170 tibridem
1023 2111 1057 2170 in
1080 2112 1179 2172 mesci-

174 2194 298 2274 piemdis
313 2195 370 2253 sed
383 2195 414 2253 in
429 2193 632 2270 providendis
644 2194 813 2270 pericciim
841 2193 919 2270 qnod
936 2191 1072 2271 probavit
1086 2203 1179 2254 morte

136 2283 169 2337 18
177 2294 293 2356 quoqne
311 2278 391 2355 ipsa,
416 2294 500 2354 quam
516 2277 764 2354 praestantissimo
780 2278 910 2354 suscepit
925 2277 1029 2336 animo.
1068 2277 1179 2351 Quodsi
1221 2287 1222 2296 ¹

178 2360 268 2421 defuit
283 2360 328 2420 his
344 2361 412 2418 viris
430 2377 538 2419 summa
553 2362 659 2419 virtus:
687 2361 731 2419 sic
745 2359 968 2438 quaerentibus,
991 2377 1028 2420 an
1045 2370 1178 2422 oratores

176 2445 298 2517 inerint,
323 2441 526 2521 respondebo,
552 2443 697 2522 quomodo
714 2444 821 2518 Stoici,
843 2444 867 2502 si
891 2444 1125 2522 interrogentur,
1145 2463 1178 2505 an

176 2528 293 2606 sapiens
318 2525 416 2602 Zeno,
437 2543 472 2586 an
495 2524 669 2603 Cleanthes,
693 2545 729 2586 an
747 2525 944 2607 Chrysippus,
970 2528 1177 2607 respondeant,

176 2609 306 2688 Magnos
327 2610 450 2689 quidem
464 2611 533 2671 iiior
554 2629 594 2672 oc
608 2613 815 2686 venerabiies,
835 2627 895 2673 mom
909 2621 1008 2673 tomam
1023 2613 1073 2688 td,
1099 2613 1178 2692 quod
1221 2645 1222 2662 ι

134 2698 289 2756 limatura
308 2695 437 2757 homimis
455 2711 603 2756 summam
627 2695 734 2770 habet,
762 2703 949 2758 consecutos.
984 2694 1057 2756 Nam
1081 2706 1110 2756 et
1126 2696 1176 2771 Py·

177 2778 314 2854 thagoras
337 2795 394 2839 non
417 2779 578 2856 sapientem
602 2796 651 2853 se,
678 2788 709 2838 ut
728 2779 778 2857 qui
801 2787 866 2838 ante
886 2796 950 2838 eum
972 2778 1104 2855 inerunt,
1126 2778 1176 2839 sed

176 2861 333 2943 studiosum
361 2863 521 2940 sapientiae
545 2863 644 2922 vocari
669 2861 770 2921 voluit.
808 2860 874 2939 Ego
900 2871 996 2924 tamen
1021 2863 1176 2924 secundnm

176 2961 355 3008 communem
381 2945 520 3024 loquendi
546 2945 783 3022 consuetudinem
810 2963 900 3024 saepe
927 2947 985 3006 dixi
1014 2947 1173 3026 dicamque,

175 3028 337 3108 perfectum
354 3039 501 3089 oratorem
518 3047 585 3090 esse
602 3027 790 3098 Ciceronem
807 3039 836 3090 ut
856 3031 963 3090 amieos
979 3039 1009 3090 et
1024 3029 1120 3092 bonos
1136 3032 1173 3090 vi·

176 3130 225 3173 ros
243 3123 271 3172 et
291 3111 532 3189 prudentissimos
550 3113 669 3172 dicimus
685 3113 792 3190 vulgo,
814 3130 935 3192 quorum
953 3113 1022 3174 nihii
1038 3115 1094 3174 nisi
1111 3133 1173 3194 per·

176 3198 255 3257 ieote
280 3198 404 3275 sapienti
428 3195 520 3257 datur.
552 3196 611 3256 Sed
633 3215 696 3256 cum
716 3198 836 3276 proprie
858 3207 888 3257 et
910 3197 945 3257 ad
966 3197 1063 3275 legem
1086 3199 1173 3277 ipsam

176 3282 307 3340 veritatis
326 3281 501 3360 loquendum
516 3282 586 3341 erit:
609 3299 674 3341 euru
695 3298 831 3359 quaeram
854 3291 1015 3357 oratorem,
1038 3300 1125 3360 quem
1146 3289 1173 3340 et

92 3385 94 3390 ’
131 3363 226 3426 2οῑ11ε
252 3364 421 3443 quaerebat.
458 3363 626 3443 Quanquam
654 3365 728 3424 eninr
751 3365 870 3425 stetisse
893 3367 987 3444 ipsum
1009 3367 1038 3424 in
1059 3365 1172 3443 fastigio

175 3447 285 3520 iatecr,
302 3466 338 3508 ae
353 3450 418 3524 vix,
435 3449 502 3527 quid
523 3449 608 3508 adiici
624 3450 768 3528 potuerit,
788 3448 1063 3526 invenio,iortasse
1077 3451 1173 3510 inven-
