2494 3952
176 215 235 278 128
490 227 527 273 ur.
542 225 620 273 aurs.
638 223 856 284 qurunrrrnur

174 392 253 457 ctus,
276 380 384 459 quod'
376 398 404 440 un
424 397 493 440 aure
515 379 594 437 uelut
616 377 738 455 quodam
757 377 902 437 vestibulo
922 378 1017 436 statim
1039 378 1180 446 offendit·

175 466 277 526 deinde
295 464 372 542 quod
392 471 492 523 natura
514 462 641 522 ducimur
661 460 697 521 ad
718 461 829 520 modos.
871 458 1006 538 Neqqc'
994 461 1070 521 enirn
1092 461 1184 522 aliter

174 550 323 624 eveniret,
352 556 382 606 ut
406 546 448 607 illi
468 563 584 623 quoque
599 561 772 622 organorum
797 545 880 619 soni,
902 562 1065 623 quanquam
1086 545 1182 604 verba

174 649 231 691 non
255 633 431 709 exprimunt,
457 629 485 687 in
505 629 579 688 alios
603 638 698 688 tamea
720 637 807 708 atque
829 623 903 686 alios
924 636 1019 686 motus
1036 628 1183 688 ducerent

135 716 342 780 inauditorem.
380 714 412 775 ln
434 711 636 773 certaminibus
660 711 751 770 sacris
772 727 830 770 nou
849 711 950 771 eadem
972 712 1085 770 ratione
1109 729 1181 772 con·

175 801 262 859 citant
277 800 386 858 animos
403 814 437 857 ac
453 798 609 863 remittunt;
626 811 683 854 non
695 794 814 854 eosdem
829 795 931 854 modos
944 793 1095 870 adhibent,
1115 813 1181 855 cum

173 883 309 943 bellicum
325 890 370 942 est
386 879 543 941 canendum
560 888 589 938 et
605 896 668 938 cum
680 879 776 956 posito
787 896 863 956 genu
879 877 1098 963 supplicandum
1117 889 1179 945 est:

174 985 229 1026 neo
256 966 331 1026 idem
352 966 500 1042 signorum
521 971 679 1022 concentus
706 971 750 1021 est
773 954 953 1040 procedente
975 961 1010 1021 ad
1032 961 1180 1060 proelium

135 1052 319 1125 ruexercitn,
344 1047 419 1107 idem
443 1047 575 1124 receptui
598 1063 721 1106 carmen.
765 1044 956 1122 Pythagoreis
981 1053 1064 1104 certe
1085 1048 1180 1106 moris

174 1134 243 1208 luit,
270 1141 298 1192 et
323 1150 387 1192 cum
407 1130 611 1208 evigilassem,
638 1131 747 1189 animos
769 1129 805 1190 ad
828 1127 918 1204 ipram
942 1130 1086 1203 excitare,
1119 1145 1180 1206 quo

175 1224 272 1275 essent
288 1215 324 1276 ad
340 1215 482 1294 agendum
497 1216 673 1282 erectiorem
696 1221 725 1272 et
743 1230 806 1272 cum
823 1228 952 1270 somnum
971 1221 1122 1290 peterent,
1141 1213 1180 1272 ad
1232 1277 1234 1302 ἵ

175 1301 294 1360 eandem
311 1301 390 1378 prius
414 1299 505 1358 lenire
521 1306 649 1373 mentes,
672 1304 718 1372 ut,
741 1298 765 1354 si
787 1295 854 1374 quid
870 1296 972 1355 inisset
987 1295 1179 1355 turbidiorum

133 1397 165 1450 13
176 1384 398 1460 cogitationum,
416 1389 634 1460 componerent.
674 1379 784 1456 Quodsi
801 1381 925 1439 numeris
941 1397 976 1440 ac
990 1380 1083 1438 modis
1100 1381 1179 1438 inest

175 1466 314 1545 quaedam
335 1467 421 1524 tacita
439 1466 482 1523 vis
494 1466 511 1524 :'
527 1466 555 1523 in
578 1465 708 1524 oratione
726 1464 771 1522 cs't
788 1463 1055 1530 vehementissima
1085 1481 1177 1541 quau·

145 1560 289 1628 tumque
313 1550 448 1623 interest,
472 1565 575 1607 sensus
594 1548 670 1608 idem
692 1546 794 1625 quibus
814 1546 913 1606 verbis
934 1546 1087 1621 efferatur,
1114 1556 1176 1606 tan-

173 1644 241 1706 tum,
258 1631 347 1690 verba
360 1631 459 1691 eadem
475 1649 530 1709 qua
546 1631 756 1710 compositione
768 1630 836 1690 vel'
828 1649 856 1689 m
867 1638 947 1690 textu
963 1631 1115 1706 iungantur
1126 1631 1176 1692 vel

172 1720 201 1776 in
216 1717 270 1774 iine
287 1714 463 1798 claudantur
508 1714 582 1776 Nam
598 1714 738 1794 quaedam
755 1723 785 1773 et
801 1715 949 1773 sententiis
961 1731 1049 1791 parva
1066 1722 1095 1773 et
1113 1714 1175 1772 elo·

132 1801 288 1864 uacatione
305 1785 416 1860 modica
432 1799 521 1858 virtus
541 1797 615 1859 haec
633 1798 697 1858 sola
716 1798 905 1858 commendat.
945 1797 1078 1875 Denique
1097 1798 1176 1875 quod

80 1887 82 1892 ’
174 1885 377 1962 cuiquevisum
387 1884 440 1942 erit
452 1882 649 1981 vehementer,
659 1881 793 1957 dulciter,
805 1883 943 1960 speciose
953 1881 1069 1956 dictum,
1079 1881 1176 1941 solvat

174 1977 202 2026 et
217 1967 330 2026 turbet:
354 1966 455 2026 abierit
474 1967 564 2025 omnis
579 1967 640 2041 vis,
657 1965 833 2040 iucunditas,
851 1964 950 2024 decor.
981 1963 1074 2024 Solvit
1087 1982 1174 2043 quae·

173 2055 236 2112 dam
253 2068 304 2110 sua
322 2052 349 2110 in
366 2048 488 2109 Oratore
504 2047 626 2109 Cicero:
642 2047 746 2127 Neque
760 2069 806 2109 me
821 2049 945 2109 divitica
959 2051 1174 2127 amoenaque?-

173 2135 230 2196 bcs
244 2153 345 2196 omnes
355 2131 521 2211 Africanos
535 2139 565 2194 et
578 2131 699 2194 Laelios
714 2132 800 2192 multi
813 2132 957 2194 venalicii
974 2139 1174 2194 mercatores·

173 2236 231 2297 que
246 2225 449 2295 superarunt,
475 2225 503 2276 et
525 2218 710 2295 insequentes
727 2216 865 2294 deinceps
881 2215 1036 2294 periodos;
1062 2234 1133 2294 quas
1150 2218 1174 2274 si

54 2294 60 2306 '
174 2301 208 2360 ad
226 2300 306 2360 ilium
321 2300 434 2361 modum
449 2299 565 2360 turbes:
586 2300 666 2362 velut
682 2301 771 2360 inacta
789 2308 837 2358 aut
851 2308 1016 2359 transversa
1032 2299 1092 2361 tela
1107 2317 1174 2378 pro·

133 2385 289 2443 loieceris.
334 2383 413 2444 Idem
435 2385 570 2461 corrigit,
595 2401 668 2462 quae
696 2401 711 2442 a
733 2381 865 2443 Graccho
887 2384 1048 2462 composita
1076 2382 1174 2443 durius

173 2475 262 2545 putat.
286 2467 369 2526 illum
384 2467 483 2534 decet;
501 2483 554 2526 nos
569 2467 623 2527 hac
639 2485 735 2527 sumus
750 2465 922 2544 probatione
937 2467 1080 2542 contenti,
1097 2467 1174 2546 quod

173 2549 394 2623 inscribendo,
426 2567 553 2628 quaese
576 2550 660 2611 nobis
685 2551 825 2610 solutiora
846 2549 1030 2626 obtulerunt,
1056 2567 1174 2630 compo·

172 2635 273 2693 nimus.
323 2632 397 2706 Quid
420 2633 494 2692 enim
515 2635 615 2695 attinet
635 2652 735 2695 eorum
760 2635 892 2713 exempla
919 2651 1078 2711 quaerere,
1100 2652 1174 2712 quaa

172 2717 227 2776 sibi
243 2718 365 2796 quisque
382 2719 509 2796 experiri
525 2715 644 2796 potesti
680 2717 754 2778 lllud
769 2727 888 2778 notasse
903 2719 972 2778 satis
987 2717 1099 2790 habeo,
1118 2736 1174 2796 quo
1233 2787 1234 2790 Ἴ

172 2801 337 2879 pulchriora
358 2809 387 2860 et
403 2819 490 2860 seusu
507 2810 536 2861 et
553 2802 719 2862 elocutione
735 2802 922 2875 dissolveris,
940 2801 997 2861 hoc
1012 2803 1174 2862 orationem

172 2886 262 2960 magis
285 2882 445 2944 deformem
468 2883 550 2961 lore,
586 2887 651 2964 quia
677 2885 854 2964 negligentia
879 2885 1083 2945 collocationis
1111 2886 1173 2963 ipsu

133 2967 325 3030 ioverborum
349 2967 415 3026 luce
441 2967 675 3047 deprehenditur.
721 2969 822 3048 ltaque
844 2977 874 3028 ut
900 2969 1057 3044 coniiteor,
1081 2985 1174 3046 paene
1233 2997 1234 3000 ¹

172 3050 296 3110 ultimam
312 3051 588 3112 oratoribusartem
612 3055 845 3131 compositionis,
875 3071 949 3131 quae
972 3051 1104 3131 perfecta
1127 3054 1172 3124 sit,
1233 3085 1234 3092 ι

173 3135 348 3212 contigisse:
371 3136 409 3194 ita
430 3135 487 3195 illis
511 3152 626 3214 quoque
649 3137 754 3215 priscis
777 3135 901 3196 habitam
923 3139 998 3196 inter
1014 3153 1115 3210 curas,
1147 3137 1172 3193 in
1233 3133 1234 3140 ’

172 3226 306 3296 quantum
321 3218 414 3278 adhuc
430 3217 633 3298 proiecerant,
659 3229 739 3298 puto.
777 3219 880 3299 Neque
903 3221 977 3278 enim
992 3219 1060 3279 mihi
1076 3237 1172 3297 quam
1232 3243 1234 3296 q

172 3301 243 3361 libet
266 3320 385 3380 magnus
415 3312 517 3362 auctor
541 3301 646 3363 Cicero
674 3304 869 3381 persuaserit,
894 3302 1013 3378 Lysian,
1041 3302 1170 3362 llerodo·
1232 3297 1234 3384 J

132 3391 246 3460 litum,
272 3386 458 3461 Thucydiden
483 3405 581 3466 parum
602 3387 748 3448 studiosos
770 3388 832 3446 eius
854 3385 954 3458 luisse.
995 3385 1090 3446 Genus
1113 3385 1173 3444 lor·
1233 3387 1234 3400 ¹

172 3477 251 3530 tasse
275 3472 330 3530 sint
356 3472 529 3531 secuti'non
551 3471 641 3547 idem,
667 3471 743 3549 quod
767 3470 980 3530 Demosthenes
1004 3478 1053 3528 ant
1073 3468 1171 3535 Plato;
