2446 3962
286 203 376 252 ausc.
400 204 549 252 orrnuorr.
571 203 640 250 ure.
659 204 710 270 111,
734 199 759 252 7.
971 188 1029 250 133

31 373 33 414 ι
55 365 91 416 tur
107 358 131 416 in
150 367 330 436 tempora,
362 359 498 437 quodque
525 367 591 418 ante
612 375 664 418 eos
692 358 745 418 mit
768 373 885 435 quoque
910 359 967 436 ipsi
989 359 1030 416 vi·

31 481 32 486 ι
53 449 150 510 remum
172 443 200 501 ln
216 442 260 502 bis
279 450 392 519 autem,
420 444 468 521 qui
485 443 546 503 fato
566 452 631 501 sunt
651 442 758 518 iuncti,
781 443 867 501 etiam
885 441 962 520 quod
986 450 1032 500 est

31 525 199 584 'insecutum
242 525 317 585 Ante
340 527 484 585 hominem
506 527 629 604 patria
653 544 688 586 ac
710 535 888 603 parentes
917 527 1030 584 maio·

53 626 167 686 resque
189 618 280 685 erunt,
304 627 425 688 quorum
445 611 553 689 duplex
575 617 714 669 tractatus
734 618 793 668 est:
817 617 866 669 aut
888 611 963 669 enirn
983 626 1030 669 re-

54 693 184 770 spondisse
210 693 352 754 nobilitati
378 694 537 772 pulchrum¹
552 694 606 752 erit
639 702 687 752 aut
715 693 849 753 humilius
875 710 968 770 genus
997 693 1030 752 il·

53 774 169 836 lustrasse
185 777 280 836 iactis.
314 776 369 837 Illa
382 794 500 856 quoque
518 778 631 836 interim
642 794 681 835 ex
700 793 747 850 eo,
768 775 845 854 quod
857 779 1067 854 auteipsumll

52 858 101 934 luit,
117 869 243 939 tempore
261 861 419 938 trahentur,
440 879 514 938 quae
532 861 682 938 responsis
699 859 748 919 rel
762 861 890 936 auguriis
908 861 1033 920 loturam

52 941 189 1003 claritatem
205 947 416 1023 promiserunt,
436 954 468 1004 ut
485 963 559 1020 eum,
579 946 627 1022 qui
645 962 683 1003 ex
701 943 823 1004 Thetide
841 953 924 1004 natus
941 953 1031 1021 esset,

50 1027 165 1087 maiorem
196 1037 280 1106 patre
316 1045 371 1087 suo
400 1028 524 1087 futurum
561 1030 705 1088 cecinisse
735 1028 868 1088 dicuntur
901 1029 1030 1088 oracula.

49 1106 126 1186 lpsius
142 1129 210 1172 aero
232 1112 297 1172 laus
319 1113 441 1172 hominis
462 1130 499 1171 ex
518 1113 611 1172 animo
630 1121 659 1172 et
676 1128 803 1190 corpore
830 1120 859 1172 et
881 1122 964 1172 extra
979 1129 1031 1190 po·
1040 1121 1073 1174 12

49 1193 97 1251 sitis
114 1197 168 1272 peti
184 1195 283 1256 debet.
316 1195 356 1255 Et
377 1198 549 1274 corporis
571 1197 685 1273 quidem
707 1195 949 1274 fortuitorumque
968 1212 1032 1254 curu

48 1274 127 1336 levior
146 1289 200 1339 tum
226 1297 285 1340 non
307 1296 365 1339 uno
387 1280 474 1339 modo
497 1280 646 1341 tractanda
668 1289 723 1338 cst.
757 1277 829 1338 Nam
853 1287 882 1338 et
904 1278 1030 1357 pulchri·

49 1359 152 1422 tudinem
177 1366 291 1424 interim
318 1362 466 1441 roburque
491 1364 695 1442 prosequimur
721 1363 834 1423 honore
864 1363 1031 1438 verborum,

48 1451 71 1500 ut
85 1443 214 1507 llomerus
233 1450 263 1508 iu
281 1447 501 1524 Agamemnone
519 1457 606 1526 atque
625 1447 750 1508 Achille.
784 1446 902 1507 Interim
917 1447 1032 1506 conlert

50 1525 202 1591 admirationi
228 1531 348 1592 multum
376 1533 462 1591 etiam
487 1532 650 1608 infirmitas,
679 1541 711 1591 ιιι
736 1549 799 1591 cum
827 1531 904 1591 idem
931 1530 1032 1605 Tydea

50 1627 145 1687 parrum
164 1616 216 1678 sed
243 1614 418 1676 bellatorem
441 1615 510 1690 dicit
531 1615 632 1676 luisse.
666 1613 794 1675 Fortuna
813 1632 886 1675 vero
908 1624 967 1674 tum
990 1614 1031 1673 di·
1040 1623 1075 1676 13

51 1694 162 1766 gnitatem
179 1700 281 1774 affert,
310 1708 340 1758 ut
358 1702 386 1758 in
403 1699 522 1776 regibus
543 1698 796 1778 principibusque,
822 1699 968 1778 (namque
986 1706 1033 1757 est

52 1773 109 1838 haec
123 1785 238 1844 materia
262 1783 462 1844 ostendendae
484 1785 597 1843 virtutis
619 1783 753 1862 uberior)
778 1793 837 1842 tum
861 1799 918 1862 quo
941 1784 1031 1840 mino-

51 1877 88 1919 rat
107 1881 171 1944 opes
193 1868 323 1942 luerunt,
342 1869 481 1928 maiorem
497 1867 572 1927 bene
598 1866 683 1926 lactis
703 1867 826 1944 gloriam
849 1867 934 1944 parit.
972 1865 1032 1924 Sed

49 1949 133 2025 omnia,
153 1969 226 2030 quae
249 1959 410 2011 extrarios
433 1951 509 2011 bona
532 1961 600 2010 sunt
617 1967 751 2029 quaeque
773 1948 934 2010 hominibus
954 1949 1031 2009 forte

31 2028 201 2112 'obtigerunt
228 2053 288 2094 non
308 2035 374 2094 ideo
392 2035 553 2110 laudantur,
574 2035 656 2114 quod
673 2033 807 2094 habuerit
824 2036 888 2112 quis
909 2051 954 2109 ee,
978 2032 1031 2094 sed

31 2116 109 2188 lquor
123 2116 164 2177 his
184 2119 312 2179 honeste
331 2121 369 2178 sit
387 2137 465 2178 usus.
503 2118 575 2178 Nam
589 2118 705 2180 divitiae
725 2127 755 2178 et
772 2119 903 2198 potentia
920 2125 949 2176 et
965 2125 1076 2194 gra-14

31 2198 84 2271 jhu,
104 2217 162 2261 curn
183 2205 338 2281 plurimum
358 2203 461 2263 virium
479 2203 548 2263 dent
565 2205 593 2262 in
609 2212 761 2280 utramque
780 2211 909 2280 partem,
930 2202 1031 2260 certis·

46 2280 128 2343 cirrum
144 2285 251 2347 iaciunt
267 2303 380 2346 morum
396 2289 634 2366 experimentum,
653 2294 701 2346 aut
717 2287 792 2345 enim
810 2285 948 2345 meliores
964 2299 1031 2362 pro-

31 2373 98 2440 pter
117 2368 187 2431 haec
210 2380 259 2431 aut
279 2371 400 2449 peiores
420 2389 528 2431 sumus.
580 2370 693 2430 Animi
723 2387 840 2449 semper
862 2386 933 2428 vera
955 2367 1073 2444 laus,lt

47 2449 87 2507 ted
105 2469 157 2512 non
177 2472 233 2515 una
256 2473 313 2534 per
333 2455 390 2514 hoc
413 2471 486 2533 opus
508 2456 555 2515 ria
577 2455 699 2514 ducitur.
734 2452 865 2532 Namque
887 2452 960 2512 alias
983 2469 1031 2512 ae-

46 2534 96 2592 tatis
117 2537 219 2613 gradus
249 2548 457 2616 gestarumque
488 2557 585 2599 rerum
608 2539 737 2598 ordinem
761 2539 844 2616 sequi
867 2536 1032 2615 speciosius

48 2613 99 2692 tuit,
118 2630 146 2678 ut
165 2623 193 2681 in
212 2624 314 2700 primis
333 2625 413 2682 annis
431 2622 598 2683 laudaretur
616 2621 747 2698 indoles,
771 2630 830 2681 tum
846 2619 1031 2698 disciplinae,

48 2709 100 2771 post
117 2703 171 2764 hoc
192 2723 316 2785 operum
338 2706 375 2765 id
399 2716 444 2766 est
473 2707 615 2767 laetorum
637 2705 838 2782 dictorumque
863 2712 1030 2771 contextum

47 2780 102 2842 alias
123 2789 150 2845 in
171 2792 291 2868 species
313 2792 448 2849 virtutum
469 2791 598 2850 dividere
618 2790 748 2864 laudem,
772 2789 963 2862 fortitudinis,
990 2789 1032 2845 iu·

47 2864 138 2947 stitiae,
167 2874 363 2933 continentiae
390 2882 627 2952 ceterarumque,
658 2891 693 2933 ae
720 2872 841 2950 singulis
869 2872 1031 2948 assignare,

47 2961 105 3022 quae
128 2957 286 3017 secundum
306 2974 449 3035 quamque
473 2975 571 3018 earum
593 2964 678 3034 gesta
701 2967 793 3017 erunt.
836 2955 907 3016 Utra
924 2957 962 3015 sit
984 2963 1074 3018 ιιι-16
1176 2943 1188 2964 '

45 3036 90 3090 itm
105 3035 199 3100 harum
214 3043 262 3101 via
281 3041 390 3117 utilior,
408 3059 472 3100 curn
487 3043 607 3102 materia
622 3040 858 3116 deliberabimus,
876 3039 942 3100 dum
957 3041 1031 3098 scia-

46 3129 94 3174 mus
111 3126 237 3197 gratiora
260 3142 327 3184 esse
347 3124 544 3200 audientibus,
568 3143 643 3203 quae
666 3125 746 3185 solus
769 3126 833 3203 quis
852 3132 900 3184 aut
922 3124 1030 3201 primus

47 3207 83 3257 aut
102 3215 176 3266 certe
199 3227 265 3268 cunr
287 3211 387 3286 paucis
404 3209 514 3268 iecisse
530 3209 652 3282 dicetur,
676 3211 700 3267 si
721 3209 789 3286 quid
808 3216 962 3286 praeterea
983 3224 1030 3264 su·

46 3295 86 3354 lit
105 3305 182 3366 spem
205 3302 254 3352 aut
280 3294 524 3370 expectationem,
547 3294 706 3371 praecipue
723 3291 801 3371 quod
820 3292 914 3366 aliena
933 3290 1030 3368 potius

46 3379 117 3428 trusa
138 3391 221 3450 quarn
244 3393 306 3435 sua.
347 3375 517 3454 Tempus,
542 3375 638 3455 quod
658 3376 769 3436 linem
795 3374 953 3436 bominis
975 3375 1070 3437 ιιι-17

44 3457 135 3529 sequi
142 3464 212 3535 tur,
233 3476 291 3519 non
309 3477 426 3539 semper
445 3469 571 3522 tractare
591 3461 744 3538 contingit;
762 3477 819 3518 non
838 3459 931 3519 solum
952 3457 1029 3535 quod
