2436 3956
173 187 216 250 96
489 191 850 254 n.nnn.onnun1n1nn1

175 353 351 416 ooourritur:
379 347 428 411 An
454 349 526 420 mibi
553 347 711 410 contendo
731 349 831 408 victua
853 365 911 408 non
934 347 1086 410 redderet
1107 349 1177 412 tuen

134 437 227 502 14Gui
244 445 288 494 est
304 433 423 494 confluis
442 431 648 504 dissimulatio,
670 448 728 489 non
749 429 817 488 alibi
846 447 930 507 quam
952 432 981 489 in
1002 433 1063 491 risu
1082 435 1177 510 posita

170 520 299 597 ideoque
314 525 435 578 traotata
450 533 502 576 suo
515 515 593 575 loeo.
624 512 696 574 Nem
712 513 789 572 serio
802 515 826 571 si
838 513 897 588 iat,
916 530 970 590 pro
987 515 1177 576 confessione

173 612 227 663 eet.
274 599 410 662 Ceterum
432 608 461 658 et
485 596 681 675 interrogandi
708 615 746 656 se
778 598 896 673 ipsum
921 604 951 656 et
977 599 1178 676 respondendi

173 685 245 746 sibi
261 685 356 746 solent
372 702 439 743 esse
457 700 514 742 ιιοιι
532 683 663 758 ingratae
678 682 776 741 vines:
796 689 827 738 ut
844 677 954 739 ,Cicero
974 698 1029 758 pro
1044 679 1177 758 Ligario,

171 767 266 848 Apud
280 786 368 846 quem
388 768 482 845 igitur
498 766 554 828 boo
569 766 662 826 dieo?
693 761 808 841 Nempe
822 765 910 840 opud
926 783 1010 840 eum,
1028 768 1096 842 qni,
1113 786 1179 828 cnm

172 854 229 914 boe
245 855 349 928 sciret,
372 858 472 912 tamen
487 869 544 923 me,
560 855 722 926 antequam
739 846 831 921 vidit,
848 847 1052 925 reipublicae
1068 851 1178 912 reddi-

132 937 225 999 rudit.
263 934 359 995 Aliter
379 951 433 1012 pro
456 929 556 992 caelio
579 931 645 991 tieta
666 930 910 1006 interrogatione:
939 929 1031 991 Dicet
1050 934 1179 1011 aliquis,

172 1018 260 1080 Haeo
270 1019 364 1096 ipitnr
375 1025 420 1078 est
432 1023 485 1078 tuo
495 1015 680 1093 disciplina?
695 1015 741 1075 sio
753 1021 785 1073 tn
797 1013 929 1074 instituis
942 1014 1179 1078 adolescentes?
1209 1079 1210 1096 ἶ

70 1165 74 1170 ,
174 1109 203 1162 et
218 1110 295 1160 totus
312 1100 405 1160 iocus.
439 1097 568 1157 Deinde:
589 1095 671 1175 Epo,
687 1099 714 1157 st
729 1098 814 1174 qnia,
830 1097 967 1173 indices,
990 1098 1048 1159 boe
1066 1101 1181 1162 robore

173 1185 268 1246 animi
282 1192 374 1260 atque
389 1183 449 1244 bno
463 1183 564 1244 indole
580 1182 702 1242 virtutis
717 1199 757 1241 oc
773 1181 976 1242 continentiae
990 1181 1059 1259 finit,
1081 1192 1115 1243 et
1135 1201 1179 1243 oe·
1209 1241 1210 1260 ,

173 1278 245 1328 tera.
276 1264 329 1327 Cui
345 1266 489 1326 diversum
504 1273 559 1340 est,
576 1283 640 1325 enm
659 1263 745 1324 atium
759 1265 922 1339 rogaveris,
939 1280 997 1324 non
1012 1276 1179 1342 expectare
1209 1261 1210 1336 i

172 1367 345 1429 responsum
360 1358 389 1409 et
401 1349 498 1416 statim
516 1348 677 1408 subiicere:
710 1345 825 1408 Domus
846 1349 900 1408 tibi
917 1349 1047 1408 deerat?
1070 1358 1109 1411 at
1124 1351 1178 1412 bu·
1208 1347 1211 1422 Ι

173 1436 287 1502 bobas:
302 1434 438 1513 pecnnia
452 1433 643 1510 ertpernbnt?
664 1438 699 1492 nt
712 1431 835 1508 egebas.
872 1428 957 1504 Quod
974 1430 1098 1492 sebema
1120 1435 1177 1512 qui-

131 1517 236 1578 lbdam
260 1534 313 1595 per
339 1515 622 1592 suggestionem
648 1521 764 1572 vocant.
808 1511 854 1572 Fit
881 1521 912 1572 et
938 1517 1176 1591 comparatione:

175 1599 248 1662 Uter
267 1601 361 1676 igitur
390 1598 516 1676 facilins
542 1616 619 1659 anne
645 1597 812 1658 sententiae
834 1597 983 1660 rationem
1003 1599 1177 1660 redderet!

171 1682 209 1743 Et
233 1682 296 1741 aliis
311 1681 404 1742 modis
421 1690 479 1740 tum
495 1678 611 1740 brevius
628 1689 685 1739 tum
701 1680 797 1756 latius,
814 1688 873 1739 tum
888 1679 924 1739 de
940 1698 994 1740 nna
1014 1698 1047 1740 re
1063 1690 1127 1742 tum
1142 1684 1176 1743 de

193 1764 312 1825 iuribus.

173 1785 191 1845 p
255 1847 327 1910 biire
345 1863 417 1907 vero
438 1849 466 1906 in
487 1847 581 1907 nausis
602 1845 681 1906 valet
704 1844 975 1925 praesumptio,
1000 1864 1076 1925 quae
1103 1844 1175 1928 πρό·
1210 1833 1212 1906 i

172 1936 261 2009 ληψις
282 1932 407 2006 dieitur,
426 1949 489 1990 oum
505 1930 548 2006 id,
579 1928 656 2008 quod
674 1928 761 1988 obiioi
783 1938 897 2009 potest,
920 1945 1110 2008 occupamus.
1144 1931 1175 1992 Id
1212 1961 1213 2012 ι

171 2033 266 2093 neque
288 2017 316 2073 in
345 2014 408 2074 aliis
433 2013 562 2092 partibus
592 2029 687 2072 rarum
714 2021 759 2071 est
784 2022 814 2072 et
834 2014 993 2091 praecipue
1018 2017 1173 2092 prooemio

130 2098 313 2157 lioonuenit.
344 2097 403 2158 Sed
425 2097 586 2175 quanquam
606 2097 723 2172 generis
743 2097 825 2155 unius
846 2095 976 2156 diverses
993 2105 1090 2156 tamen
1107 2117 1174 2177 spe·

172 2182 232 2242 oies
256 2180 352 2241 babet.
389 2179 442 2240 Est
464 2182 538 2240 enim
560 2178 698 2258 quaedem
720 2181 988 2256 praemunitio,
1007 2180 1105 2259 qualis
1128 2179 1174 2241 Gi·

172 2265 287 2324 neronis
303 2273 404 2324 eontra
430 2261 464 2337 Q.
483 2262 658 2338 Caecilium,
688 2263 765 2341 qnod
787 2262 822 2322 ad
839 2263 1030 2323 accusandum
1048 2264 1174 2324 deseen-

172 2347 235 2424 dat,
258 2350 306 2425 qni
330 2365 447 2424 semper
469 2345 645 2415 defenderim
669 2345 811 2425 quaedam
831 2345 1044 2422 eoniessio,
1065 2356 1097 2405 ut
1120 2365 1173 2426 pro

171 2430 288 2490 Rabirio
307 2430 459 2502 Postumo,
483 2448 568 2507 quem
590 2448 642 2489 sua
665 2446 781 2507 quoque
799 2432 941 2489 sententia
956 2429 1160 2509 reprebenden

172 2514 236 2573 dum
249 2513 364 2587 fatetur,
386 2511 463 2589 quod
476 2514 625 2589 pecuniam
637 2515 700 2589 regi
717 2513 885 2580 crediderit:
903 2513 1044 2590 quaedam
1061 2533 1171 2592 prae·

171 2596 303 2655 diotio:
336 2604 366 2655 ut
391 2594 502 2656 Dinone
536 2599 615 2658 enim
646 2617 705 2659 non
729 2599 864 2676 unperrdi
888 2598 1025 2658 criminis
1048 2600 1172 2674 pretim·
1212 2611 1213 2670 ζ

170 2678 312 2757 quaedem
329 2677 554 2739 emendatio:
572 2689 602 2740 nt
616 2680 710 2761 Rogo,
725 2682 891 2758 ignoscatis
905 2681 996 2758 mibi,
1011 2683 1039 2741 si
1053 2683 1171 2760 tongins

170 2783 238 2824 anm
257 2771 398 2833 eoeotns‚·
417 2761 650 2840 frequentissima
672 2766 933 2842 praeparatio,
955 2782 1019 2823 oum
1041 2765 1170 2842 pluribus

170 2845 285 2921 verbis,
307 2846 356 2906 vel
377 2863 466 2924 qnare
490 2846 593 2906 iaeturi
615 2847 682 2924 quid
703 2848 790 2906 simus
814 2847 862 2906 vel
887 2864 977 2926 quare
1002 2847 1168 2922 fecerimus,

129 2937 163 2992 18
171 2929 227 2990 diei
243 2929 329 2990 solet.
369 2928 534 2990 Verborum
555 2947 670 3009 quoque
692 2932 736 2989 vis
753 2948 789 2990 aa
805 2934 968 3009 proprietas
987 2930 1170 2991 confirmatur

170 3012 219 3072 vei
234 3015 484 3092 praesumptione:
510 3012 693 3092 Quanquam
706 3015 762 3075 itta
776 3033 834 3076 non
850 3033 951 3092 poeno
962 3016 1020 3076 aed
1031 3016 1168 3094 probibi-

135 3105 142 3123 *
170 3098 211 3159 tio
227 3098 353 3160 sceleris
367 3097 444 3176 finit,-
460 3106 508 3158 aut
523 3097 771 3175 reprehensione:
797 3094 902 3174 Cives,
919 3099 1168 3176 cinnomannorum,

170 3181 199 3241 ei
214 3179 271 3243 boo
285 3201 337 3244 eos
350 3182 468 3242 nomine
483 3181 700 3258 appellarisne
717 3189 770 3242 est.

130 3270 163 3325 19
256 3262 351 3323 Alieni
367 3263 491 3340 aliquam
506 3262 590 3322 fldem
611 3264 742 3322 veritatis
765 3272 793 3323 et
814 3263 1019 3341 dubitatio,
1042 3283 1107 3324 cunr
1133 3263 1168 3324 si·

170 3345 308 3407 mulamns
326 3364 469 3424 quaerere
491 3363 560 3422 nos,
582 3347 657 3408 unde
674 3347 883 3425 incipiendum,
906 3347 955 3406 ubi
971 3347 1169 3421 desinendum,

171 3430 239 3508 qnid
254 3431 433 3508 potissimum
449 3429 608 3507 dicendum,
626 3448 660 3494 an
677 3432 790 3490 omnino
812 3430 962 3492 dioendnm
979 3427 1038 3492 sit?
1070 3429 1169 3491 curus-
