2494 3952
339 227 759 298 ruer.onsror.um.x,1.
1003 219 1062 282 tos

61 385 157 444 levem
176 384 379 460 consequimur
393 381 535 456 umbram,
552 379 625 442 a'deo
641 391 672 441 ut
686 382 753 444 mihi
767 400 863 443 sermo
881 384 945 463 ipse
958 383 1062 447 Roma·

61 484 116 526 uus
131 481 188 524 non
202 467 339 544 recipere
360 466 491 527 rideatur
509 464 588 525 illam
610 464 682 524 solis
704 483 874 527 concessam
891 466 996 528 Atticis
1012 486 1061 529 ve·

59 566 176 624 nerem,
201 565 265 608 curn
286 566 350 608 eam
370 566 406 609 ne
426 548 531 610 Graeci
552 549 666 626 quidem
688 549 716 607 in
736 549 793 609 alio
814 568 924 627 genere
946 550 1061 629 linguae

60 631 245 694 obtinuerint.
275 631 395 710 Togatis
413 630 534 692 excellit
557 631 750 706 Afranium
772 635 878 693 utinarn
898 651 954 693 nou
971 635 1061 714 inqui·

58 725 158 776 nasset
169 724 336 792 argumenta
347 715 602 794 puerorumioedis
612 714 758 776 amoribus
769 733 942 776 moressuos
956 717 1060 777 lassus.

144 798 183 859 m
198 815 256 858 nou
272 799 435 860 historia
457 799 580 859 cesserit
596 797 726 875 Graecis,
742 817 798 860 nec
817 817 967 879 opponere
986 799 1118 865 Thu-lot

4 905 5 908 ¹
58 883 155 958 crdidi
170 882 388 943 Sallustium
404 898 517 942 verear.
543 880 646 960 Neque
657 883 820 961 indignetur
831 883 885 944 sibi
896 882 1061 945 llerodotus

57 966 179 1045 aequari
193 965 226 1026 T.
239 965 318 1025 hivi
328 984 396 1043 unu,
421 985 485 1026 curn
500 965 528 1026 in
542 966 683 1027 narrando
699 968 788 1027 mirae
803 966 984 1028 iucunditatis
1002 967 1061 1027 cla·

3 1119 4 1122 ¹
57 1049 222 1127 rissinrique
244 1049 376 1110 candoris
396 1059 454 1110 tum
475 1050 503 1108 in
524 1048 705 1109 contionibus
726 1067 812 1129 sopra
835 1067 918 1127 quam
934 1051 1061 1110 enarrari
1159 1101 1160 1106 ,

57 1142 158 1213 potest
174 1132 373 1210 eloquentem
395 1134 434 1192 ita
457 1151 532 1211 quae
557 1132 688 1191 dicuutur
709 1134 803 1193 omnia
819 1151 882 1192 cunr
899 1134 988 1193 rebus
1003 1143 1062 1192 tum

3 1231 4 1240 ¹
58 1217 193 1296 personis
215 1216 431 1276 accommodata
451 1225 529 1283 sunt:
555 1215 676 1276 allectus
699 1215 828 1293 quidem,
844 1219 1061 1295 praecipueque

60 1318 115 1360 eos
132 1301 179 1377 qui
195 1308 260 1359 suut
275 1299 431 1373 dulciores,
449 1308 479 1358 ut
496 1299 664 1376 parcissime
679 1298 788 1373 dicam,
806 1317 890 1358 nemo
906 1300 1060 1360 historico·

2 1371 3 1388 ¹
57 1401 121 1444 rum
137 1383 345 1443 commendavit
361 1384 463 1460 magis.
490 1381 619 1460 ideoque
635 1381 823 1442 immortalem
838 1383 916 1443 illam
931 1382 1119 1446 Sallustli102

1 1539 4 1550 ¹
58 1466 243 1527 velocitatem
270 1465 392 1526 diversis
421 1464 572 1542 virtutibus
599 1474 773 1526 consecutus
797 1475 851 1526 est.
894 1465 967 1525 Nam
994 1466 1061 1526 mihi

2 1571 3 1574 ¹
57 1553 181 1629 egregie
201 1550 310 1610 dixisse
325 1550 440 1610 videtur
458 1549 642 1609 Seruilius
664 1548 871 1626 Nonianus,
890 1553 989 1629 porco
1009 1569 1062 1612 eos

1 1655 2 1658 ¹
55 1637 156 1713 magis
171 1650 261 1711 quom
276 1634 408 1701 similes,-
431 1633 529 1710 quiet
550 1635 613 1711 ipse
635 1652 651 1694 a
668 1633 751 1692 nobis
769 1632 881 1693 auditus
902 1643 962 1708 est,
990 1633 1061 1694 clari
1122 1671 1135 1690 ,

1 1735 2 1742 ¹
55 1719 102 1776 vir
115 1717 220 1793 ingenii
237 1725 266 1776 et
282 1717 432 1776 sententiis
449 1715 553 1776 creber
567 1716 620 1775 sed
636 1717 727 1776 miuus
739 1734 859 1795 pressus
875 1735 959 1795 quam
971 1717 1061 1798 histo·

56 1802 119 1860 riae
148 1802 303 1860 auctoritas
326 1799 464 1878 postulat.
507 1799 598 1872 Quam
623 1799 738 1879 paulum
763 1808 859 1860 aetate
880 1801 1120 1880 praecedensrcc

57 1902 124 1944 eum
141 1883 276 1944 Bassus
292 1883 464 1944 Aufidius
481 1883 618 1960 egregie,
640 1883 739 1960 utique
759 1883 788 1941 in
805 1881 886 1941 libris
902 1882 972 1942 belli
990 1882 1060 1944 Ger-

1 1959 2 1964 ’
54 1969 176 2043 manici,
193 1969 354 2046 praestitit,
377 1983 488 2044 genere
510 1968 574 2044 ipso
596 1965 756 2045 probabilis
772 1967 801 2024 in
816 1965 946 2026 omnibus
965 1967 1062 2026 sedin

56 2050 227 2130 quibusdam
243 2053 302 2110 suis
317 2053 381 2128 ipse
395 2049 503 2110 viribus
521 2051 622 2110 minor.
659 2050 802 2128 Superest
819 2049 912 2110 adhuc
928 2059 958 2110 et
976 2067 1121 2122 error-104

55 2144 107 2195 nst
122 2136 224 2194 aetatis
240 2142 358 2194 nostrae
380 2132 503 2211 gloriam
527 2136 571 2193 vir
585 2133 768 2194 saeculorum
787 2135 925 2194 memoria
945 2134 1059 2212 dignus,

55 2218 107 2297 qui
126 2218 194 2277 olim
211 2217 411 2293 nominabitur,
431 2234 505 2278 nuuc
520 2216 697 2295 intelligitur.
729 2216 822 2277 Habet
838 2225 982 2278 amatores
1005 2234 1061 2277 nec
1083 2230 1100 2269 r

54 2303 240 2377 imitatorem,
258 2311 288 2361 ut
306 2303 353 2360 cui
367 2301 497 2376 libertas,
518 2299 678 2379 quanquam
691 2301 868 2361 circumcisis
883 2318 958 2379 quae
973 2301 1060 2360 dixis-

53 2394 120 2461 set,
143 2386 284 2444 nocuerit.
323 2385 381 2445 Sed
404 2384 509 2445 elaturn
530 2383 643 2445 abunde
660 2383 835 2462 spiritumet
853 2383 1060 2444 audacesseu·

53 2469 161 2529 tentius
176 2467 379 2546 deprehendas
397 2469 482 2530 etiam
497 2469 525 2528 in
540 2469 592 2545 iis,
616 2485 690 2546 quae
712 2475 836 2528 manent.
875 2468 947 2528 Sunt
965 2467 1060 2527 etalii

54 2553 217 2631 scriptores
234 2550 312 2628 boui,
331 2552 382 2612 sed
398 2569 452 2611 nos
468 2569 577 2629 genera
593 2551 778 2628 degustamus
794 2568 851 2610 non
866 2550 1059 2611 bibliothecas

53 2636 228 2694 excutimus.

142 2716 328 2777 Oratores
354 2734 426 2777 vero
458 2719 506 2778 vel
537 2719 695 2797 praecipue
715 2716 842 2777 Latinam
866 2716 1120 2794 eloquentiamlos

54 2821 155 2882 parem
167 2801 267 2862 iacere
280 2799 410 2862 Graecae
421 2803 542 2880 possint.
569 2799 640 2862 Nam
659 2799 881 2862 Ciceronem
898 2799 1059 2877 cuicunque

54 2903 157 2970 eorum
172 2883 287 2944 fortiter
301 2885 497 2964 opposuerim.
534 2883 598 2944 Nec
618 2885 739 2962 ignoro,
759 2891 891 2962 quantam
906 2881 974 2941 mihi
990 2899 1059 2942 cou-

54 2971 143 3030 citern
160 2985 301 3047 pugnam,
325 2985 390 3027 cum
404 2967 575 3047 praesertim
590 2985 647 3028 uon
667 2969 704 3028 sit
718 2969 748 3029 id
764 2967 923 3048 propositi,
947 2975 980 3026 ut
994 2983 1059 3026 euru

1 3109 2 3120 ,
52 3051 244 3115 Demostheni
267 3066 431 3129 comparem
463 3051 520 3112 hoc
544 3059 693 3130 tempore;
720 3069 816 3130 neque
845 3051 919 3110 euim
946 3052 1057 3125 attinet,

1 3179 2 3190 2
54 3154 120 3195 cunr
137 3133 363 3195 Demosthenem
381 3135 517 3214 inprimis
529 3135 682 3212 legendum
696 3136 744 3196 vel
760 3133 946 3196 ediscendum
960 3135 1057 3212 potius

1 3237 2 3282 3
52 3229 164 3298 putem.
213 3217 342 3294 Quorum
367 3235 424 3296 ego
452 3219 573 3278 virtutes
602 3219 760 3297 plerasque
786 3217 912 3278 arbitror
938 3215 1058 3291 similes,
1067 3227 1157 3296 too,
1237 3195 1246 3262 ⁸?

54 3301 224 3377 consilium,
242 3301 389 3379 ordinem,
406 3301 567 3378 diuidendi,
583 3302 791 3382 praeparandi,
813 3298 954 3380 probandi
970 3301 1058 3360 ratio·

52 3405 138 3464 nem,
162 3386 257 3445 omnia
280 3385 404 3465 denique
427 3403 503 3465 quae
524 3395 589 3446 suut
617 3384 797 3445 inventionis.
837 3384 869 3445 ln
892 3382 1057 3460 eloquendo

1 3569 2 3572 Ἴ
54 3481 100 3532 cst
115 3469 214 3548 aliqua
230 3467 395 3539 diversitas3
412 3470 530 3531 densior
545 3468 597 3529 ille
612 3469 659 3530 hic
675 3468 833 3546 copiosior,
841 3467 907 3610 pipe*
913 3466 1059 3527 concludit
