2436 3956
156 137 197 198 40
469 149 505 195 rr.
523 145 602 195 aaa.
620 147 840 207 qumurnmrar

107 301 322 381 ltamphlbolia
344 317 403 360 uon
428 309 483 362 est.
527 299 731 379 Amphidoliae
752 310 847 362 autem
868 303 959 361 omnis
983 303 1039 363 erit
1060 305 1087 364 in
1111 304 1158 366 luis

149 387 298 466 quaestio;
318 383 488 464 aliquando,
503 392 568 444 uter
579 386 616 443 sit
628 383 784 445 secundnm
798 393 926 446 naturam
937 388 1031 464 magis
1042 405 1157 458 sermm

149 487 280 548 semper,
302 475 396 530 utrum
413 470 451 529 sit
467 467 603 546 aequius:
630 476 723 527 utrum
741 469 782 546 is,
805 470 853 549 qui
875 470 993 550 scripsit
1015 489 1051 531 ac
1072 470 1156 548 dixit,
1202 473 1203 480 ’

148 553 283 613 voluerit.
329 551 456 627 Quarum
474 551 503 611 in
516 560 666 630 utramque
681 559 793 630 partem
810 553 879 613 satis
896 570 933 613 ex
946 553 1008 630 his,
1026 572 1103 633 quae
1122 555 1158 615 de

150 638 317 698 coniectura
333 636 511 717 etqualitate
527 635 664 711 diximus,
683 645 872 714 pracceptum
890 645 945 696 est.

258 833 263 844 .
303 789 345 839 DE
362 785 617 840 Panunlcroadm
634 786 788 840 STATUUM
807 785 1022 839 COGNATIONE.

232 883 269 944 X.
301 883 354 945 Est
369 893 464 945 autem
482 883 623 964 quaedam
638 885 713 943 inter
727 882 782 944 hos
798 891 889 943 status
903 885 1050 960 cognatio.
1083 883 1159 946 Nam

150 977 180 1028 et
201 969 229 1028 ln
251 969 394 1043 linitione,
412 985 487 1046 quae
511 968 548 1027 sit
567 965 701 1027 voluntas
724 969 860 1044 nominis,
889 967 1054 1046 quaeritur,
1078 977 1109 1028 et
1131 971 1158 1029 in

149 1051 340 1130 syllogismo,
359 1051 407 1131 qui
423 1049 568 1110 secundus
585 1068 601 1110 a
617 1051 744 1110 linitione
760 1059 850 1111 status
868 1059 933 1127 est,
955 1051 1022 1129 quia
1038 1061 1153 1130 specta·

144 1145 210 1211 tur,
240 1136 308 1214 qnid
330 1135 456 1196 voluerit
476 1136 618 1214 scriptnr;
650 1143 680 1194 et
706 1135 864 1195 contrarias
886 1134 971 1212 leges
992 1134 1067 1195 duos
1090 1154 1158 1196 esse

149 1219 250 1298 scripti
277 1228 306 1279 et
326 1219 482 1281 voluntatis
509 1227 600 1279 status
625 1228 756 1298 apparet.
801 1217 912 1278 Rursus
931 1227 960 1286 et
978 1219 1068 1278 linitio
1085 1237 1156 1299 qun·

22 1371 24 1376 ,
151 1302 302 1365 dammodo
328 1312 373 1364 est
394 1302 586 1382 amphibolia,
613 1320 676 1363 cunr
695 1304 723 1361 in
745 1301 816 1362 duas
834 1311 932 1380 partes
948 1301 1100 1364 diducatur
1116 1306 1156 1364 irr-

81 1399 84 1406 ·
103 1386 289 1446 ‘2tellectus
304 1387 437 1446 nominis.
477 1386 620 1464 Scriptum
636 1393 666 1444 et
680 1385 814 1446 voluntas
824 1384 913 1446 habet
927 1385 956 1444 in
970 1385 1070 1445 verbis
1087 1387 1157 1448 iuris

151 1471 368 1548 quaestionem,
393 1469 471 1549 quod
495 1469 569 1529 idem
585 1469 738 1528 antinomia
754 1469 870 1548 petitor.
910 1467 1040 1548 Ideoque
1062 1472 1156 1530 omnia

149 1553 224 1614 haec
250 1553 365 1632 qnidam
385 1553 524 1631 scriptum
550 1561 579 1611 et
600 1552 778 1612 voluntatem
794 1570 862 1612 esse
882 1553 1032 1628 dixerunt,
1050 1554 1109 1624 ‚alii
1129 1555 1156 1613 in

94 1641 100 1656 ²
150 1637 260 1715 scripto
282 1645 311 1696 et
324 1637 474 1697 voluntate
496 1635 698 1715 amphiboliam
714 1654 799 1713 esse,
824 1654 897 1715 quae
916 1636 986 1697 lacit
1008 1639 1155 1716 quaestio·

112 1795 115 1801 ⁴
151 1738 226 1781 nem.
261 1720 319 1782 Sed
336 1722 469 1782 distincta
483 1729 558 1780 sont.
596 1720 682 1781 Aliud
699 1729 744 1780 est
758 1722 832 1780 enim
848 1720 1002 1782 obscurum
1017 1723 1062 1780 ius
1080 1721 1155 1781 aliud

123 1801 324 1882 tanhtguun.
354 1803 445 1882 Igitur
460 1804 549 1866 linitio
566 1805 594 1864 in
614 1813 715 1864 natura
735 1805 799 1882 ipsa
815 1805 938 1864 nominis
953 1806 1153 1883 quaestionem

151 1887 239 1948 habet
252 1889 437 1966 generalem,
461 1898 583 1967 atquae
604 1906 671 1948 esse
692 1888 776 1947 etiarn
795 1889 866 1948 citra
886 1887 1072 1967 complexum
1091 1906 1154 1948 cau·

151 1989 203 2032 sae
220 1974 328 2051 possit;
347 1975 486 2052 seriptum
501 1981 530 2032 ct
547 1970 681 2031 voluntas
699 1970 735 2030 ds
755 1988 791 2031 eo
809 1971 936 2049 disputat
949 1971 1059 2047 verbo,
1080 1969 1155 2051 quod

152 2065 197 2115 est
212 2057 240 2115 in
255 2056 339 2134 lege,
356 2057 543 2133 syllogismus
560 2055 596 2115 de
611 2072 664 2130 eo,
688 2053 765 2132 qnod
780 2071 838 2120 non
856 2063 911 2114 est.
952 2054 1156 2134 Amphidoliae

152 2139 187 2200 lis
206 2141 234 2200 in
250 2140 396 2202 diversum
409 2140 511 2215 trahit,
534 2139 631 2217 legum
647 2138 853 2198 contrariarum
870 2157 907 2198 err
922 2137 1040 2199 diverso
1060 2155 1154 2217 pugna

123 2232 207 2288 lest.
243 2223 347 2304 Neque
370 2225 510 2284 immerito
537 2232 567 2282 et
587 2231 708 2302 recepta
725 2231 770 2281 est
787 2239 802 2282 a
819 2220 994 2282 doctissimis
1011 2221 1088 2284 haec
1104 2221 1153 2284 dil·

153 2307 275 2368 ferentia
300 2305 329 2368 et
352 2307 428 2386 apud
447 2306 585 2385 plurimos
602 2325 637 2366 ac
652 2306 891 2385 prudentissimos
913 2306 1006 2366 durat.

474 2456 517 2506 DE
532 2456 567 2506 Vl
584 2455 828 2508 DISPOSITIONIS.

234 2549 273 2614 m
295 2552 331 2614 de
352 2551 410 2612 hoc
436 2553 550 2632 quidem
572 2571 682 2631 genere
710 2551 925 2634 dispositionis,
962 2552 1078 2614 etiamsi
1103 2570 1157 2613 non

124 2639 261 2714 somnia,
283 2635 357 2698 tradi
377 2645 472 2698 tamen
490 2637 586 2716 aliqua
607 2637 874 2717 potuerunttsunt
893 2635 966 2713 alia,
991 2653 1085 2715 qnae,
1106 2636 1157 2696 nisi

153 2723 321 2802 proposita,
341 2721 377 2782 de
394 2737 450 2798 qua
466 2721 617 2786 dicendum
633 2730 693 2799 est,
709 2723 847 2798 materia,
870 2720 946 2780 viam
961 2719 1089 2781 docendi
1101 2737 1155 2781 noo

153 2805 323 2885 praebeant.
357 2804 422 2865 Non
438 2807 513 2867 enirn
529 2824 615 2867 causa
631 2807 765 2867 universa
780 2807 809 2866 in
823 2805 1010 2884 quaestiones
1025 2822 1062 2865 ac
1076 2805 1155 2865 locos

154 2889 316 2950 diducenda
336 2897 397 2964 est,
420 2888 472 2948 sed
494 2889 549 2950 hae
567 2892 650 2969 ipsae
670 2899 769 2969 partes
788 2888 896 2949 habent
912 2905 1012 2949 rursus
1023 2887 1156 2949 ordinem

154 2990 245 3032 suum.
290 2971 363 3033 Nam
379 2980 408 3032 et
424 2973 452 3032 in
467 2976 619 3051 prooemio
635 2975 755 3054 primurn
776 2982 822 3033 est
835 2971 943 3051 aliquid
958 2981 988 3032 et
1002 2971 1156 3033 secundum

154 3074 190 3116 ac
209 3054 366 3134 deinceps,
393 3065 422 3116 et
438 3059 571 3137 quaestio
593 3059 684 3117 omnis
706 3075 741 3118 ac
755 3058 839 3118 locus
857 3055 946 3117 habet
960 3073 1041 3117 suam
1062 3056 1155 3135 dispo·

124 3141 289 3204 ositionem
309 3149 340 3200 ut
354 3140 455 3201 theses
473 3142 560 3201 etlam
574 3142 733 3220 simplices.
773 3139 836 3201 Nisi
853 3141 930 3200 forte
949 3141 1020 3201 satis
1044 3141 1100 3200 erit
1118 3139 1154 3198 di·
1201 3169 1203 3232 q

155 3224 270 3288 videndi
290 3225 417 3303 peritus,
443 3226 491 3304 qui
518 3227 746 3286 controversiam
771 3227 800 3285 in
825 3224 900 3285 haec
925 3223 1084 3299 diduxerit,
1113 3221 1155 3282 An
1201 3233 1203 3284 l

155 3324 240 3368 omne
262 3310 420 3388 praemium
445 3308 579 3370 viroiorti
605 3309 725 3370 dandum
752 3311 806 3387 sit,
832 3327 868 3368 an
891 3325 929 3368 err
953 3308 1082 3386 privato;
1112 3303 1154 3364 Aa

152 3393 287 3471 nuptiae,
304 3393 431 3472 ansius,
448 3411 522 3473 quae
533 3402 621 3473 nupta
631 3395 685 3471 sit,
701 3411 737 3454 an
747 3389 841 3454 haec?
861 3391 982 3469 deinde,
999 3408 1062 3452 curn
1073 3387 1153 3450 inerit
