2436 3956
504 179 541 225 u.
556 177 634 226 uun.
652 177 871 238 oururrnmur

188 335 302 394 actione
317 331 500 408 recitandae,
517 349 591 411 quae
607 331 812 390 reservandae.
849 331 928 400 llaec
943 340 990 391 est
1002 332 1079 393 velut
1092 331 1162 409 impe·
1184 383 1186 414 ,

188 417 294 477 ratoria
308 417 398 475 virtus
415 416 515 493 copias
530 432 597 474 suas
612 415 762 493 partientis
778 415 813 475 ad
830 433 913 475 casus
925 416 1114 493 proeliorum,
1129 431 1163 472 re·
1185 417 1186 488 l

188 501 303 559 timentis
319 508 418 578 partes
433 516 488 577 per
500 498 622 558 castella
633 496 744 558 tuenda·
754 499 995 560 custodiendasve
1011 499 1110 573 urbes,
1126 514 1164 575 pe·

187 583 291 643 tendor
308 592 499 659 commeatus,
519 581 678 643 obsidenda
692 583 809 658 itinera,
829 583 899 641 mari
916 582 1042 661 denique
1059 600 1091 642 ac
1106 590 1165 640 terra

147 667 350 730 ltdividentis.
390 666 449 728 Sed
470 665 544 726 baec
564 667 593 725 iu
613 667 744 725 oratione
766 665 940 743 praestabit,
968 668 1015 726 eui
1039 661 1164 725 omniaal·

187 752 309 827 luerint,
335 759 451 826 natura,
472 749 618 825 doctrina,
647 749 779 808 studium.
810 748 907 822 Quare
929 767 1015 810 nemo
1041 753 1166 827 expectet,

187 844 217 894 ιιι
234 835 329 895 alieno
344 842 450 908 tautum
465 832 566 892 labore
583 833 620 891 sit
638 833 772 893 disertus.
799 831 1000 910 vigilandum,
1023 831 1166 900 durandum,

188 918 366 995 enitendum,
397 916 563 994 pallendum
593 924 654 990 est,
682 915 814 976 facienda
840 934 892 976 sua
914 917 1021 994 cuique
1036 919 1094 992 vis,
1117 928 1166 972 snus

187 1020 273 1077 usus,
300 1019 352 1060 sua
371 1001 461 1074 ratio,
487 1016 545 1058 non
567 999 780 1076 respiciendum
801 1000 836 1060 ad
852 999 927 1060 haee
940 1001 995 1060 sed
1013 1003 1042 1060 in
1057 1003 1167 1077 promptu

147 1083 336 1160 lambenda,
356 1102 411 1144 nec
424 1093 557 1160 tanquam
571 1082 674 1142 tradita
690 1082 742 1142 sed
754 1091 888 1160 tanquam
903 1085 1009 1144 innata.
1052 1082 1119 1143 Nam
1135 1079 1166 1136 via

188 1169 378 1229 demonstrari
400 1175 516 1246 potest,
540 1167 682 1226 velocitas
703 1183 754 1228 sua
776 1169 894 1245 cuique;
920 1186 1024 1228 verum
1049 1185 1094 1228 ars
1117 1161 1166 1222 satit

187 1261 331 1330 praestat,
354 1253 378 1310 si
402 1251 501 1328 copias
524 1249 710 1329 eloquentiae
724 1251 804 1328 ponit
819 1253 846 1309 in
861 1252 970 1319 medio;
997 1260 1122 1311 nostrum
1136 1251 1166 1303 etl

148 1336 226 1397 lfiuti
243 1338 285 1395 eis
301 1337 387 1395 scire.
425 1334 529 1412 Neque
544 1335 618 1392 enim
633 1334 754 1411 partium
770 1343 814 1394 est
826 1333 939 1394 demum
951 1335 1118 1414 dispositio,
1131 1325 1165 1388 sel

187 1421 216 1478 in
230 1419 274 1479 his
291 1419 362 1496 ipsis
380 1418 487 1496 primus
503 1416 607 1494 aliquis
623 1434 725 1476 sensns
743 1427 773 1476 et
793 1418 936 1478 secundus
955 1428 986 1478 et
1002 1408 1165 1490 tertiumsi

187 1517 244 1561 non
261 1501 347 1561 modo
369 1511 400 1560 nt
421 1502 477 1559 sint
494 1499 595 1558 ordine
618 1500 775 1575 collocati,
797 1501 985 1564 laborandum
1006 1497 1068 1577 e'st,
1090 1497 1177 1559 sedul¹

99 1596 108 1628 ³
186 1587 261 1645 inter
279 1603 312 1644 se
332 1585 420 1643 vincti
442 1592 529 1663 atque
550 1585 588 1643 ita
605 1583 813 1661 cohaerentes,
835 1603 872 1644 ne
887 1589 1077 1646 commissura
1093 1577 1165 1662 perlu-

148 1672 179 1727 ll
188 1677 267 1735 ocal:
295 1685 402 1746 eorpus
422 1669 475 1742 sit,
501 1684 558 1726 uon
578 1667 714 1727 membra.
749 1666 834 1741 Quod
855 1670 893 1728 ita
917 1673 1082 1746 continget,
1102 1666 1123 1724 si
1140 1665 1165 1731 tl

188 1752 255 1831 quid
270 1753 298 1811 iu
311 1751 610 1830 qnoqueoouveniat,
628 1751 801 1827 viderimus,
826 1761 854 1810 et
869 1762 899 1811 ut
914 1753 1005 1814 verba
1021 1751 1114 1812 verbis
1131 1759 1164 1821 ap·

81 1857 85 1867 ·
187 1837 345 1915 plicemus,
374 1852 431 1895 non
452 1836 607 1913 pugnantia
634 1834 686 1894 sed
712 1852 787 1913 quae
807 1837 930 1896 invicem
950 1837 1165 1915 complectantur.

178 1920 229 1993 ,lta
246 1939 294 1980 res
312 1937 369 1978 non
390 1921 524 1982 diversae
540 1917 708 1977 distantibus
725 1935 762 1976 ex
778 1918 851 1978 locis
869 1922 951 1998 quasi
966 1922 1090 1980 invicem
1106 1917 1165 1990 tgna·

187 2012 235 2063 tae
248 2003 431 2078 collidentur,
439 2002 491 2061 sed
504 2001 599 2078 aliqua
611 2001 752 2060 societate
765 2019 829 2060 cum
840 2003 985 2081 prioribus
999 2023 1035 2065 ae
1046 1992 1165 2079 sequenti·

187 2086 241 2145 bus
262 2105 295 2146 se
312 2086 476 2166 copulaque
496 2082 650 2159 tenebunt,
677 2101 711 2143 ao
726 2084 870 2144 videbitur
886 2104 943 2146 non
960 2089 1056 2149 solum
1072 2091 1165 2157 compt-

185 2171 241 2230 sita
263 2172 355 2231 oratio
374 2171 525 2231 sedetiam
541 2167 683 2228 contiuua.
723 2167 831 2228 Verum
845 2168 960 2247 lougius
977 2173 1102 2232 fortasse
1117 2174 1165 2242 prt·

184 2255 307 2330 gredior
321 2253 440 2317 fallente
454 2249 574 2312 transitu
590 2260 618 2311 et
632 2270 648 2312 a
664 2251 853 2330 dispositione
869 2254 904 2314 ad
920 2254 1093 2317 elocutionis
1103 2259 1165 2328 prat·

186 2347 273 2415 cepta
291 2337 390 2413 labor,
408 2355 483 2415 quae
498 2337 646 2413 proximus
662 2335 736 2396 liber
750 2337 904 2398 inchoabit.

436 2626 439 2632 ’
544 2656 705 2721 droun
735 2659 829 2723 vrn.

187 2785 263 2835 libro
288 2795 376 2836 octavo
395 2787 459 2836 haec
478 2790 648 2838 eontinentur:
671 2790 709 2838 De
727 2791 818 2838 virtute
837 2790 996 2842 elocutronis.
1035 2790 1071 2840 De
1088 2776 1166 2850 perspi·

222 2855 323 2904 coitate.
357 2856 393 2905 De
413 2864 509 2906 ornatu.
541 2857 577 2907 lle
595 2859 731 2922 generibus
751 2860 939 2909 sententiarum.
974 2859 1013 2908 Ile
1030 2856 1114 2920 tropis.

469 3033 512 3082 DE
531 3035 670 3085 VIRTUTE
689 3035 912 3094 ELOCUTIONIS‚

288 3129 316 3220 P
326 3162 532 3220 roocmium.
570 3161 620 3222 llis
642 3163 721 3240 iere,
745 3167 868 3243 quaein
892 3166 1039 3243 proximos
1060 3160 1165 3240 quinque

187 3241 278 3300 libros
306 3242 411 3302 collate
438 3253 521 3319 sunt,
551 3247 624 3306 ratio
651 3248 814 3309 inveniendi
840 3258 926 3327 atque
950 3250 1062 3308 inventa
1085 3243 1164 3314 disl0'

186 3325 273 3384 nendi
289 3328 460 3405 continetur,
474 3347 558 3408 quam
573 3339 603 3390 ut
618 3349 672 3407 per
684 3347 783 3390 omnes
798 3349 932 3392 numeros
948 3333 1059 3411 penitus
1075 3331 1163 3398 cogn0·
1185 3391 1186 3414 ,

185 3426 273 3468 scere
288 3409 324 3470 ad
339 3428 474 3471 summam
485 3413 625 3474 scientiae
640 3418 837 3475 necessarium
853 3425 913 3494 est,
932 3418 971 3478 ita
986 3403 1164 3494 incipientibus
1184 3455 1186 3544 ς
