2494 3952
85 199 87 204 ’
192 207 255 270 202
542 213 907 274 rt.rno.qu1urrn1nu1

189 375 358 454 simplicitas
382 371 432 432 illa
453 380 483 432 et
503 369 583 430 velut
605 371 746 432 securitas
767 360 955 429 inaffectatae¹
972 369 1110 428 orationis
1125 370 1190 430 minc

190 469 292 519 tenues
309 474 412 517 causas
428 455 530 532 decet,
551 453 707 514 maioribus
727 451 798 513 illud
820 451 988 513 admirabile
1009 452 1123 513 dicendi
1144 472 1189 530 ge·

190 562 242 602 nus
266 543 357 618 magis
381 541 526 601 convenit.
562 537 595 598 ln
615 547 739 617 utroque
762 537 868 597 eminet
883 533 1009 604 Cicero;
1037 537 1191 614 exquibus

188 627 312 687 alterum
335 626 458 706 imperiti
481 641 514 683 se
536 639 626 703 posse
649 622 789 699 consequi
817 620 952 696 credent,
979 629 1130 696 neutrum,
1152 621 1192 698 qni

190 711 364 788 intelligunt.

565 841 608 892 Du
627 839 787 893 MEMORIA.

274 954 310 1016 11.
327 953 536 1027 Memoriam
555 953 668 1033 quidam
690 961 809 1013 naturae
831 950 918 1011 modo
936 969 1005 1011 esse
1023 969 1126 1011 munus
1143 952 1194 1011 exi·

190 1040 388 1114 stimcverunt,
406 1047 509 1115 estquc
524 1039 552 1096 in
568 1055 603 1097 ea
618 1054 675 1096 non
688 1036 774 1098 dubie
790 1035 950 1115 plurimum,
966 1035 1023 1096 sed
1035 1037 1101 1114 ipsa
1117 1051 1194 1095 exco-

191 1122 277 1182 lendo
294 1122 368 1180 sicut
383 1120 438 1182 alia
454 1123 546 1180 omnia
562 1130 698 1198 augetur;
723 1129 752 1180 et
769 1128 862 1194 totus,
887 1119 997 1198 dequo
1015 1119 1140 1179 diximus
1153 1118 1193 1178 ad-

191 1207 273 1282 huc„
286 1205 376 1265 inanis
399 1213 444 1265 est
465 1204 642 1281 iabor,‘nisi
665 1212 781 1264 ceterae
803 1212 902 1282 partes
923 1202 981 1263 hoc
1003 1203 1089 1281 velut
1105 1204 1193 1282 spiritu

193 1291 384 1350 continentur.
420 1285 492 1348 Nam
509 1297 538 1348 et
554 1288 643 1347 omnis
658 1287 810 1366 'disciplina
826 1289 963 1346 memoria
989 1296 1124 1363 constat,
1145 1286 1193 1345 iru-

191 1383 310 1452 straque
326 1373 482 1448 docemur,
503 1373 527 1431 si
544 1371 680 1450 quidquid
697 1370 824 1430 audimus
837 1370 1044 1449 praeterfluat;
1061 1380 1092 1430 et
1107 1387 1191 1430 erenr-

193 1457 317 1535 plorum,
334 1455 441 1531 legum,
465 1472 683 1533 responsorum,
700 1454 841 1514 dictorum
858 1455 983 1532 denique
1000 1455 1193 1531 factorumque

192 1539 273 1600 velut
294 1537 431 1616 quasdam
452 1540 569 1616 copias,
592 1538 695 1617 quibus
711 1537 855 1597 abundare
875 1555 1007 1617 quasque
1023 1541 1054 1598 iu
1071 1543 1191 1617 prompto

192 1640 309 1701 semper
322 1620 431 1680 habere
446 1621 535 1681 debet
554 1631 669 1698 orator,
692 1621 792 1682 eadem
808 1621 857 1681 illa
872 1622 916 1680 vis
934 1630 1116 1700 praesentat.
1144 1619 1191 1678 Ne·

162 1712 248 1784 tque
272 1706 412 1765 immerito
437 1705 600 1767 thesaurus
621 1705 668 1766 hic
689 1706 877 1784 eloquentiae
904 1705 1020 1764 dicitur.
1062 1704 1121 1766 Sed
1144 1719 1189 1761 non

192 1791 272 1850 firme
298 1797 405 1848 tantum
434 1791 585 1850 continere
610 1807 710 1849 verum
736 1789 821 1848 etiam
849 1789 907 1847 cito
933 1790 1095 1869 percipere
1115 1786 1189 1846 multu

192 1882 309 1934 acturos
336 1881 469 1951 oportet,
496 1891 551 1933 nec
573 1890 647 1951 quae
672 1873 826 1951 scripseris
846 1872 931 1932 modo
954 1873 1061 1933 iterata
1078 1872 1189 1933 lectione

193 1956 348 2035 complecti
369 1957 423 2016 sed
447 1958 474 2014 in
497 1957 632 2032 cogitatis
657 1973 773 2033 quoqne
794 1974 890 2015 nerum
910 1973 945 2015 ac
961 1956 1119 2016 verborum
1133 1970 1188 2013 con·

180 2050 301 2130 ⁸textum
315 2040 410 2116 sequi,
429 2048 458 2099 et
477 2057 551 2118 quac
567 2041 624 2098 siut
641 2039 676 2099 ab
693 2039 815 2098 adversa
834 2047 917 2117 parte
933 2039 1010 2099 dicta
1024 2040 1187 2106 meminisse,

193 2142 247 2183 nec
262 2125 360 2200 utique
378 2140 422 2198 ea,
440 2141 497 2202 quo
515 2124 590 2183 dicta
606 2132 671 2182 sunt
687 2123 799 2198 ordine,
814 2123 944 2182 refutare
959 2123 1013 2182 sed
1030 2119 1187 2203 opportunis

162 2207 266 2266 3locis
284 2223 405 2285 ponere.
443 2203 538 2279 Quint
556 2206 763 2284 extemporalis
779 2207 872 2267 oratio
888 2224 944 2265 nec
963 2207 1022 2266 alio
1038 2206 1107 2266 milri
1122 2202 1187 2263 vide·

193 2291 361 2350 tormentis
384 2291 488 2365 vigore
511 2299 656 2350 constare.
697 2288 768 2349 Nam
792 2290 857 2348 dum
879 2289 935 2350 alia
960 2290 1101 2366 dicimus,
1127 2301 1188 2366 quae

192 2375 295 2434 dicturi
310 2391 417 2446 sumus,
432 2374 567 2434 intuenda
583 2383 656 2432 sunt.
685 2372 738 2449 lta,
757 2391 820 2433 cum
836 2391 953 2452 semper
968 2375 1110 2450 cogitatio
1127 2370 1189 2430 ultra

159 2485 161 2489 ·
192 2458 219 2517 id
237 2455 314 2533 quod
331 2464 376 2514 est
398 2453 513 2531 longius
534 2458 661 2534 quaerit,
688 2457 825 2534 quidquid
846 2457 958 2516 interim
979 2459 1112 2536 repperit
1129 2468 1188 2532 quo·

194 2538 344 2600 dammodo
371 2539 447 2616 apud
473 2541 639 2599 memoriam
662 2541 794 2619 deponit:
821 2541 898 2618 quod
922 2541 972 2600 illa
999 2542 1083 2620 quasi
1108 2536 1187 2598 medie

194 2623 334 2702 quaedam
359 2641 458 2684 manus
485 2633 638 2701 acceptum
666 2623 701 2684 ab
728 2625 885 2684 intentione
914 2624 999 2684 tradit
1029 2620 1187 2685 elocutioni.

164 2703 257 2767 4Non
273 2706 397 2767 arbitron
413 2715 508 2766 autom
523 2706 590 2767 milri
605 2709 633 2766 in
647 2706 705 2768 hoc
720 2709 941 2784 immorandum,
964 2709 1032 2786 quid
1047 2710 1100 2782 sit,
1119 2700 1187 2783 'qnod

194 2792 359 2850 memoriam
368 2789 469 2858 faciam
483 2808 643 2869 quanquam
656 2790 789 2870 plerique
799 2793 919 2870 imprimi
928 2791 1067 2869 quaedam
1077 2786 1188 2864 vestigia

193 2875 304 2948 animo,
328 2873 408 2934 velut
423 2875 452 2932 in
467 2875 543 2934 cenis
559 2875 707 2934 anulorum
726 2876 809 2952 signe
833 2885 1001 2950 serventur,
1025 2875 1185 2936 existimant.

193 2957 296 3034 Neque
311 2973 362 3016 ero
378 2965 435 3016 tam
452 2958 604 3034 credulus,
621 2967 662 3034 ut,
678 2977 764 3036 quum
780 2958 903 3018 arbitrer
921 2959 1077 3020 tardiorem
1093 2953 1186 3016 lirmio·

161 3040 311 3118 5remque
325 3041 491 3100 memoriam
514 3041 592 3116 iteri,
617 3050 646 3101 et
666 3051 763 3121 putem
784 3051 875 3102 artem
891 3044 1009 3121 proprie
1026 3043 1061 3102 ad
1078 3043 1187 3102 animun

195 3126 351 3205 pertinere.
385 3121 476 3200 Magis
499 3124 632 3184 admirari
654 3134 782 3186 naturum
801 3125 893 3201 subit,
909 3145 958 3186 res
976 3135 1103 3186 vetustas
1118 3127 1185 3182 tanto

194 3227 232 3268 ex
249 3206 402 3268 intervallo
418 3209 558 3286 repetitas
573 3207 698 3270 reddere
720 3227 752 3269 se
769 3219 798 3269 et
813 3210 936 3279 oiierre;
959 3228 1015 3270 nec
1029 3218 1132 3269 tanturn
1147 3220 1186 3261 re·

195 3290 372 3370 quirentibus
394 3290 446 3351 sed
471 3293 555 3352 etiam
577 3302 681 3370 sponte
705 3294 834 3370 interim,
861 3311 917 3354 nec
940 3292 1121 3371 vigilantibus
1140 3282 1185 3346 sed

164 3377 282 3439 (letiam
309 3377 406 3454 quiete
428 3376 606 3454 compositis.
637 3375 681 3436 Eo
701 3379 809 3453 magis,
833 3377 910 3456 quod
931 3377 980 3437 illa
1002 3392 1115 3457 qnoque
1134 3366 1184 3430 ani·

195 3458 296 3533 malie,
318 3476 391 3536 quae
409 3476 510 3520 carere
527 3459 678 3520 intellectu
693 3458 841 3538 videntur,
857 3463 1046 3522 meminerunt
1062 3471 1093 3520 et
1107 3467 1184 3526 runo·
