2444 3972
4 183 37 264 f
90 225 91 228 ¹
163 207 164 210 ’
189 177 229 264 32
508 213 874 273 u.1rue.oumu1u1nur

150 389 264 440 mus;
287 369 414 470 ideoque
436 385 500 428 cum
520 361 702 449 κυρταύχενα
721 369 815 428 mirati
836 368 940 444 simus,
967 358 1195 432 incumberet-

189 473 259 518 eum
280 455 330 514 vix
352 471 368 514 a
389 453 449 515 risu
472 452 662 514 defendimus.
1151 485 1153 492 ·

53 541 56 546 ’
147 552 179 608 71
272 538 428 616 Propria
446 546 511 598 sunt
525 535 626 614 uerba,
644 554 708 597 cum
727 537 793 597 id
771 537 969 614 significant·
960 555 988 596 ιιι
1004 513 1084 616 quod
1100 540 1195 617 primo
1213 541 1217 548 “

189 624 369 685 denominata
387 630 469 690 sunt;
489 621 693 696 translata,
714 622 879 682 eumalium
897 628 998 682 natura
1012 621 1197 684 intellectum

189 710 274 769 alium
288 707 363 768 -loeo
387 705 537 786 praebent.
579 705 740 766 Usitatis
759 707 986 782 tutiusutimur,
1008 725 1113 770 coco
1136 724 1197 768 non

188 795 251 852 sine
273 791 396 870 quodam
418 789 550 870 periculo
573 790 715 868 fingimus.
752 787 824 850 Nem
846 791 870 850 si
889 797 1010 868 recepta
1033 799 1110 868 sunt,
1133 809 1194 852 mo·

188 878 280 938 dicam
298 875 412 937 laudem
429 875 553 936 afferunt
571 876 709 943 orationi;
733 875 758 934 si
777 875 943 953 repudiata,
963 875 1049 934 etiam
1064 876 1093 935 in
1108 877 1192 936 iocos

147 966 303 1022 iteneunt.
345 959 516 1020 Audendum
539 967 649 1026 tamen:
678 975 818 1036 namque,
842 967 872 1018 ut
895 957 1002 1020 Cicero
1026 961 1082 1036 ait,
1108 961 1197 1020 etiam

189 1061 263 1124 quae
291 1045 383 1123 primo
408 1043 478 1104 dura
504 1045 567 1103 visa
592 1050 672 1117 suut,
701 1059 755 1101 usu
780 1041 956 1104 molliuntur.
998 1042 1058 1103 Sed
1079 1045 1194 1104 urinime

187 1129 271 1189 nobis
295 1143 437 1188 concessa
459 1135 505 1186 est
526 1119 754 1204 desperantem
777 1128 841 1204 quis
864 1128 938 1186 eninr
960 1128 1053 1226 ferat,
1079 1129 1104 1188 si
1127 1127 1194 1207 quid

188 1212 281 1273 simile
303 1211 361 1272 illis
383 1213 485 1278 merito
513 1209 635 1271 laudatis
657 1211 734 1290 λίγξε
752 1205 816 1290 βιός
836 1219 866 1271 et
887 1211 945 1284 σιζε
917 1173 1124 1290 ζόφθιιιμός
1145 1213 1193 1272 lin

187 1315 259 1375 gere
278 1293 454 1358 audeamus?
485 1294 598 1357 Iamne
617 1295 727 1358 dolore
743 1295 858 1374 quidem
876 1303 924 1355 aut
940 1295 1061 1358 tinnire
1078 1297 1194 1358 fortiter

188 1382 367 1457 diceremus,
391 1382 446 1440 nisi
467 1379 749 1441 iudicio'vetustatis
771 1380 940 1440 niterentur.

270 1548 320 1609 Vl.
367 1547 421 1608 Est
439 1550 525 1609 etiam
547 1565 599 1609 sua
620 1547 808 1627 loquentibus
830 1547 1017 1625 obseruatio,
1044 1567 1098 1610 sua
1121 1551 1193 1612 seri·

187 1633 330 1694 bentibus.
369 1633 472 1694 Sermo
494 1641 608 1693 constat
624 1635 737 1693 ratione
755 1633 805 1693 vel
820 1640 982 1708 vetustate,
1006 1634 1193 1710 auctoritate,

188 1718 406 1780 consuetudine.
444 1717 595 1780 Rationem
615 1725 745 1795 praestat
766 1717 925 1796 praecipue
947 1717 1101 1795 analogia,
1124 1735 1194 1780 uon·

187 1819 329 1882 nunquam
352 1811 381 1862 et
403 1801 591 1880 etymologia.
636 1801 747 1862 Vetera
768 1803 904 1864 maiestas
926 1801 1068 1881 quaedam
1090 1811 1138 1880 et,
1166 1811 1197 1863 ut

163 1884 230 1948 lsie
248 1887 385 1963 dixerim,
405 1887 546 1965 religiosa
564 1887 753 1948 commendat.
792 1887 959 1948 Auctoritas
975 1887 1011 1947 ab
1028 1887 1195 1948 oratoribus

187 1972 236 2032 uel
257 1972 403 2032 historicis
424 1973 485 2049 peti
507 1970 602 2040 solet;
632 1988 695 2031 nam
718 1979 821 2049 poetas
843 1972 929 2031 metri·
955 1972 1117 2032 necessitas
1145 1991 1195 2042 ex·

189 2053 285 2131 cusat,
309 2056 365 2126 nisi
386 2055 500 2133 quando
519 2053 590 2115 nibil
611 2056 786 2133 impediente
807 2057 836 2115 in
850 2065 975 2134 utroque
996 2054 1196 2117 modulatione

187 2141 293 2219 pedum
312 2139 433 2199 alterum
448 2138 572 2217 malunt,
593 2139 688 2218 qualia
706 2147 787 2216 sunt,
807 2138 870 2204 lmo
885 2142 925 2201 de
938 2142 1035 2220 stirpe
1049 2142 1196 2216 recisum,

189 2234 218 2285 et
233 2222 350 2286 Attice
371 2239 430 2303 quo
450 2243 631 2304 conpescere
650 2223 828 2304 palumbes,
852 2233 881 2285 et
895 2222 991 2287 Sitice
1010 2226 1043 2286 tn
1058 2227 1150 2288 oudo
1170 2234 1198 2287 et

188 2309 306 2377 similia;
331 2327 395 2368 cum
413 2325 586 2370 summorum
606 2311 636 2370 iu
654 2308 821 2388 eloquentia
839 2311 966 2370 virorum
985 2307 1123 2370 iudicium
1142 2329 1195 2390 pro

187 2395 299 2453 ratione
321 2401 350 2452 et
371 2390 452 2452 uelut
476 2410 559 2454 error
577 2393 717 2454 honestus
741 2402 786 2453 est
806 2411 927 2471 magnos
954 2393 1045 2454 duces
1069 2411 1196 2473 sequen·

160 2475 273 2537 tribus.
309 2473 497 2538 Consuetudo
512 2494 583 2536 vero
603 2479 763 2539 certissima
780 2477 918 2557 loquendi
933 2479 1088 2555 magistra,
1112 2489 1196 2540 uten-

188 2559 312 2638 dumque
334 2560 421 2638 plane
444 2578 579 2642 sermone
601 2569 632 2620 ιιι
653 2577 784 2636 nummo,
813 2563 859 2623 cui
881 2561 998 2641 publica
1020 2561 1113 2624 lornrd
1139 2573 1195 2624 est.

39 2631 75 2727 js
121 2651 122 2654 ’
188 2643 288 2704 Omnia
312 2653 407 2704 tamen
433 2643 507 2708 haec
536 2647 655 2723 exigunt
680 2663 748 2706 acre
777 2645 929 2722 iudicium,
960 2649 988 2708 in
1016 2647 1198 2727 analogia

36 2715 89 2807 ” ··
112 2743 115 2748 ·
188 2730 362 2809 praecipue,
386 2747 470 2807 quam
493 2731 625 2808 proxime
648 2749 685 2791 ex
706 2729 818 2792 Graeco
842 2731 1052 2792 transferentes
1071 2733 1101 2791 in
1119 2731 1197 2794 Lati·

188 2832 253 2874 num
271 2815 499 2892 proportionem
520 2824 708 2875 vocaverunt.

162 2890 180 2942 4
271 2897 342 2958 Eius
364 2899 497 2958 haeovis
514 2907 574 2975 est,
597 2909 628 2960 ut
647 2900 692 2975 id,
717 2881 795 2979 quod
815 2900 1007 2977 dubiumest,
1031 2901 1067 2962 ad
1085 2902 1199 2981 aliquid

189 2982 292 3056 simile,
309 2981 345 3042 de
361 3000 418 3062 quo
434 2999 491 3042 non
507 2945 664 3062 quaeritur,
679 2984 789 3046 referat
803 2993 832 3044 et
847 2985 957 3046 incerta
973 2987 1062 3046 certis
1076 2986 1197 3066 probet.

190 3066 275 3167 ond
294 3066 418 3127 efficitur
440 3067 548 3147 duplici
568 3069 630 3129 via.
654 3071 870 3148 comparatione
892 3070 1055 3131 similium
1046 3090 1075 3130 ιιι
1098 3081 1199 3132 extre·

26 3119 89 3231 ι’
189 3153 241 3212 mis
262 3153 383 3212 maxime
401 3151 540 3229 syllabis,
564 3162 686 3232 propter
707 3155 784 3231 quod
804 3171 838 3214 ea
858 3171 933 3233 quae
952 3163 1017 3214 sunt
1035 3173 1052 3214 e
1071 3158 1137 3233 sing
1163 3157 1200 3217 lis

88 3237 330 3314 bnegantur
353 3235 462 3296 debere
484 3239 640 3314 rationem,
664 3246 693 3297 et
715 3238 919 3298 deminutione.
955 3237 1175 3320 Compara'
1165 3259 1200 3302 ro

189 3323 218 3381 in
235 3318 395 3382 nominibus
420 3329 468 3380 aut
490 3339 583 3398 genus
604 3321 795 3401 deprehendit
815 3332 863 3384 aut
879 3322 1118 3393 declinationem
1165 3347 1200 3387 e·

115 3424 117 3426 ·
188 3425 259 3482 nus,
286 3415 316 3466 ut
338 3407 362 3466 si
385 3413 555 3484 quaeratur,
583 3407 670 3486 fanis
690 3407 877 3469 masculinum
901 3410 938 3468 sit
959 3427 995 3469 an
1016 3407 1133 3470 lentinin
1165 3431 1200 3487 m,

93 3497 121 3578 '323
189 3452 283 3550 simile
300 3490 343 3552 illi
361 3492 399 3552 sit
416 3490 524 3574 poois3
547 3491 786 3570 declinationem,
810 3501 841 3553 ut
860 3494 885 3554 si
905 3495 1026 3555 veniat*
1017 3513 1046 3554 ιιι
1066 3493 1133 3555 dubi
1165 3515 1200 3574 m,
