2494 3952
340 245 431 294 uusn.
455 245 607 296 oasron.
630 245 752 313 nrmx,
770 243 798 296 1.
891 199 892 202 Ἴ
996 238 1051 300 161

48 413 144 480 cutus,
160 403 304 481 interpres
320 400 419 480 operis
437 399 540 476 alieni,
556 417 614 462 nou
629 401 808 479 spernendus
825 402 939 482 quidem
955 403 1060 465 uerum*
1108 401 1114 411 '

48 489 86 550 ad
101 486 261 565 augenda-ru
279 484 446 545 facultatem
466 485 580 544 dicendi
602 502 701 563 parurn
721 485 866 565 locuples.
901 485 1101 557 Enniuman

48 575 124 634 sicut
139 587 240 632 sacros
253 576 397 628 vetustate
416 567 499 628 lucos
518 567 685 646 adoremus,
707 570 735 628 in
757 569 860 647 quibus
880 571 1000 648 grandia
1024 581 1053 632 et

43 658 163 756 aptiqua
179 652 309 714 robora'
301 668 356 712 uam
371 668 428 710 nou
451 659 557 712 tautam
572 651 679 712 habent
694 655 825 732 speciem
839 655 972 733 duantum
986 656 1052 715 reli·

43 742 172 822 gionem.
200 737 357 815 Propiores
369 734 419 794 alii
432 743 520 834 atqpe
531 735 567 795 ad
582 735 649 813 boc,
665 735 703 797 de
719 754 776 817 quo
792 737 946 817 loquimur,
962 741 1054 817 magis

46 823 145 883 utiles.
183 819 322 881 Lascivus
344 819 490 918 quidem
481 839 509 879 ιιι
533 818 631 879 herois
651 836 768 898 quoque
784 819 939 882 Ouidius
962 831 991 882 et
1012 824 1053 883 ni·
1105 882 1111 894 ,

45 909 132 967 mium
149 912 261 964 amator
276 903 384 981 ingenii
399 903 454 978 sui,
471 902 628 963 laudandus
645 906 759 964 tamen
750 923 778 963 ιι
794 903 933 984 partibus.
966 904 1052 966 Gor·
1043 917 1096 972 -89

45 991 167 1050 nelius
190 995 285 1048 autern
314 987 491 1061 Severus,
521 988 632 1047 etiamsi
654 987 843 1048 versificator
857 1006 942 1068 quam
965 998 1053 1069 poeta

18 1063 22 1075 ¹
44 1073 161 1148 melior,
174 1073 199 1131 si
209 1079 315 1146 tamen,
329 1077 360 1130 ut
374 1077 419 1129 est
430 1069 546 1147 dictum,
560 1071 595 1132 ad
609 1071 758 1150 exemplar
769 1073 852 1150 primi
864 1071 929 1133 libri
944 1073 1054 1134 bellurn

45 1156 175 1219 Siculum
190 1155 431 1234 perscripsisset,
446 1153 606 1214 vindicaret
621 1154 675 1215 sibi
693 1156 755 1215 iure
772 1156 930 1216 secundum
946 1157 1053 1219 locum.

1 1269 2 1280 ι
45 1242 244 1312 Serranum
260 1239 449 1299 consummari
460 1255 538 1298 mors
553 1239 699 1298 immatura
712 1256 770 1299 uon
781 1257 868 1318 passa
881 1248 938 1308 est;
956 1243 1053 1318 pueri·

46 1323 188 1388 liatumeu
203 1324 265 1382 eins
279 1339 369 1400 opera
382 1330 411 1381 et
428 1322 579 1382 maximam
591 1322 716 1383 indolem
729 1323 884 1384 ostendunt
890 1332 920 1383 et
933 1323 1053 1384 admira·

1 1453 6 1462 .
45 1405 921 1486 bilempraeoipueinactateillarectigenerisvoluntatem.
938 1405 1098 1472 Multumoo

44 1496 75 1554 iu
89 1491 245 1552 Valerio
264 1487 404 1551 Flacco
428 1507 521 1568 nuper
543 1491 696 1550 amisimus.
732 1489 898 1552 Vehemens
915 1499 944 1551 et
960 1491 1053 1570 poeti·

45 1594 112 1638 cum
126 1575 270 1654 ingenium
285 1573 405 1634 Saleii
420 1571 523 1633 Bassi
538 1574 607 1649 init,
627 1592 684 1634 uec
702 1574 796 1654 ipsum
811 1584 948 1635 senectus
963 1583 1052 1635 matu·

44 1662 130 1722 ravit.
162 1657 337 1718 Rabirius
358 1675 393 1717 ac
408 1656 504 1717 Pedo
525 1675 582 1717 nou
599 1658 707 1736 indigui
723 1661 900 1735 cognitione,
918 1659 942 1718 si
957 1668 1052 1720 uacet.

44 1744 214 1804 Lucanus
238 1741 343 1801 ardens
365 1749 394 1800 et
412 1742 572 1800 concitatus
591 1749 620 1800 et
641 1743 791 1801 sententiis
814 1742 992 1803 clarissimus
1013 1752 1053 1819 et,

44 1836 76 1887 ut
93 1827 186 1887 dicam
202 1824 278 1904 quod
298 1825 410 1900 sentio,
433 1825 524 1900 magis
546 1823 710 1884 oratoribus
730 1841 815 1902 quam
833 1827 1053 1903 poetis-imitan-

1 1937 7 1944 ·
44 1910 109 1971 dus.
148 1908 208 1969 Hos
223 1908 446 1983 nominavimus,
473 1909 539 1984 quia
560 1905 759 1971 Germanicum
781 1906 943 1985 Augustum
960 1907 995 1968 ab
1012 1909 1052 1967 in·
1063 1917 1098 1970 91

44 1994 152 2054 stitutio
176 1993 277 2053 studiis
303 1991 424 2052 deilexit
447 2008 516 2051 cura
536 1999 691 2067 terrarum,
714 2008 873 2071 parumque
890 1991 944 2052 diis
962 1992 1055 2052 visum

44 2087 92 2138 est
111 2094 178 2136 esse
195 2095 258 2136 euru
273 2077 423 2135 maximum
438 2082 597 2153 poetarum.
634 2073 709 2148 Quid
732 2083 828 2135 tamen
844 2074 913 2135 luis
903 2075 975 2155 upsis
991 2076 1054 2134 eius

44 2160 202 2260 operibus,
225 2161 253 2218 in
269 2177 344 2238 quae
362 2157 494 2218 donato
484 2159 607 2237 smperio
625 2159 738 2218 iuvenis
757 2167 941 2234 secesserat,
964 2158 1053 2231 subli-

44 2247 135 2344 mips,
155 2244 285 2318 doctius,
309 2241 439 2302 omnibus
447 2237 580 2322 denique
597 2243 721 2302 numeris
737 2239 951 2321 praestantius?
976 2221 1056 2315 Quis

44 2330 123 2389 enim
141 2335 259 2387 caneret
274 2325 352 2386 bella
367 2325 482 2400 melius,
498 2342 582 2404 quam
600 2327 648 2406 qui
660 2327 704 2385 sic
719 2323 818 2404 gerit?
855 2326 948 2399 Quem
969 2343 1054 2404 prae-

42 2413 176 2473 sidentes
192 2411 292 2471 studiis
308 2409 381 2470 deae
397 2410 517 2488 propius
532 2407 682 2469 audirent?
715 2407 767 2470 Gui
783 2411 874 2487 magis
891 2427 957 2469 suas
976 2417 1054 2469 artes

44 2497 176 2575 aperiret
191 2493 331 2554 familiare
351 2509 455 2552 numen
471 2489 622 2554 blinervu?
657 2492 763 2553 Dicent
785 2493 859 2553 haec
877 2492 991 2572 plenius
1011 2493 1053 2552 fu·
1043 2502 1098 2580 ·92

44 2590 111 2640 tura
126 2577 256 2653 saecula,
273 2595 348 2636 nuuc
370 2576 445 2636 euim
460 2584 621 2638 ceterarum
636 2576 752 2653 iulgore
767 2579 903 2636 uirtutum
918 2575 982 2636 laus
998 2577 1054 2636 ista

43 2663 276 2742 praestringitur.
316 2660 378 2720 Nos
398 2668 494 2719 tamen
513 2677 598 2720 sacra
626 2659 784 2720 litterarum
808 2658 940 2719 colentes
964 2659 1054 2734 ieras,

1 2779 2 2806 ι
44 2744 208 2821 Gaesar,'
184 2764 208 2804 su
226 2761 283 2804 uon
305 2745 421 2804 tacitum
442 2742 499 2804 boc
520 2745 711 2822 praeterimus
726 2751 756 2802 et
776 2741 945 2820 Vergiliano
973 2751 1055 2802 certe

1 2883 2 2906 ,
43 2848 145 2891 versu
150 2825 303 2888 testamur:

1 2933 2 2938 ¹
174 2911 259 2972 luter
273 2913 418 2974 victrices
432 2911 579 2974 dederam
595 2910 650 2973 tibi
662 2929 789 2990 serpere
803 2911 921 2972 laurac
1163 2952 1186 2988 0

44 2996 179 3073 Elegia
195 3013 312 3075 quoque
329 2994 458 3055 Graecos
475 3012 685 3074 provocamus,
713 2996 794 3054 cuius
815 2993 881 3053 mibi
901 3001 995 3054 tersus
1014 3002 1054 3054 at·
1063 3001 1109 3057 9&

45 3099 105 3160 que
127 3081 249 3158 elegans
271 3080 393 3139 maxime
417 3077 530 3138 videtur
557 3088 659 3139 auctor
683 3076 868 3138 Tibullus.
911 3077 983 3138 Sunt
1006 3077 1056 3154 qui

44 3161 284 3242 Propertium
309 3162 416 3223 malint.
463 3159 619 3222 Ovidius
647 3170 772 3241 utroque
798 3161 953 3236 lascivior,
979 3161 1055 3220 sicut

45 3247 146 3307 durior
161 3246 318 3307 Gallus.
334 3225 456 3306 Satira
472 3246 587 3323 quidem
603 3255 663 3306 tota
678 3253 777 3306 nostra
795 3254 856 3320 est,
876 3245 905 3304 in
923 3261 978 3322 qua
995 3244 1053 3322 pri·

44 3347 109 3391 runs
125 3331 267 3407 insignem
282 3329 395 3390 laudern
412 3330 534 3408 adeptus
549 3328 715 3389 Lucilius
732 3329 895 3408 quosdam
887 3337 925 3388 rta
938 3327 1055 3387 deditos

44 3413 102 3474 sibi
118 3414 212 3475 adbuc
227 3413 315 3474 babet
331 3421 491 3489 amatores,
507 3422 538 3473 ut
553 3431 616 3472 eum
631 3429 688 3473 non
704 3413 832 3473 eiusdem
849 3411 935 3471 modo
954 3411 1052 3488 operis

46 3497 216 3558 auctoribus
236 3497 289 3559 sed
312 3495 441 3557 omnibus
459 3498 555 3576 poetis
578 3496 728 3576 praeferre
743 3513 800 3556 uon
815 3494 953 3640 dulpiteut.
987 3493 1099 3572 Egodl

90 3602 110 3638 ιι
134 3603 157 3640 ι.
172 3601 285 3650 ouunrru.
296 3585 331 3642 ll.
882 3579 896 3639 1
