2508 3958
339 183 779 262 monoaranommmvms.
1002 183 1062 248 271

10 373 11 380 ¹
62 367 117 430 que
134 347 187 408 illa
207 345 348 424 obscura,
366 366 441 426 quae
457 347 584 422 Atellani
601 367 617 410 e
631 367 713 409 more
729 359 860 428 captant,
876 370 945 428 nec,
968 353 1064 432 qualia

60 433 147 511 vulgo
162 434 307 492 iactantur
321 449 337 492 a
351 432 492 494 vilissimo
511 450 642 512 quoque,
664 451 806 495 conversa
828 437 858 495 in
880 436 1063 498 maledictum

57 519 120 580 iere
142 514 345 614 ambiguitats;
370 535 407 576 ne
430 517 480 578 illa
503 518 633 596 quidem,
660 536 734 596 quae
756 515 891 582 Ciceroni
909 521 1062 599 aliquando
1120 579 1123 586 .

55 602 109 664 sed
125 615 184 660 non
198 601 227 659 in
242 599 356 676 agendo
379 600 566 677 exciderunt,
587 611 618 661 ut
638 601 723 677 dixit,
748 621 811 663 cum
835 604 862 663 is
883 605 1061 682 candidatus,

54 689 105 766 qui
123 686 190 745 coci
206 683 282 744 lilius
298 683 472 760 habebatur,
494 703 591 746 coram
612 703 648 745 eo
671 686 837 764 suffragium
854 687 890 748 ab
907 687 964 748 alio
980 699 1062 768 pete·

51 780 119 832 ret.
147 766 215 848 Eoo
237 784 356 846 quoque
375 769 431 830 tibi
447 770 569 848 fovebo
602 770 683 846 Non,
712 773 778 850 quia
805 772 985 833 excludenda
1009 776 1107 841 sintae

52 855 175 916 omnino
195 851 287 914 verba
311 852 384 913 duos
399 871 503 913 sensus
520 854 721 932 significantia,
741 857 795 917 sed
812 859 878 935 quia
896 875 963 918 raro
984 857 1063 918 belle

48 936 266 1017 respondeant,
283 938 337 996 nisi
353 955 417 997 cum
430 954 552 1016 prorsus
567 937 682 999 rebus
673 944 745 1018 ipsis
761 940 939 1002 adiuvantur.
970 940 1063 1015 Quale

48 1040 113 1084 non
128 1021 188 1084 boc
203 1021 290 1081 modo
306 1038 400 1100 paene
415 1031 445 1082 et
460 1024 553 1100 ipsum
572 1023 696 1084 scurrile
713 1022 863 1085 Ciceronis
889 1035 935 1086 est
949 1027 978 1086 in
995 1044 1062 1084 eun·

8 1177 9 1180 ¹
49 1108 141 1182 dem,
164 1105 275 1183 dequo
292 1107 469 1198 supradixi,
491 1104 663 1168 Isauricum·
689 1105 804 1188 Miror,
821 1113 960 1189 quidait,
982 1110 1064 1189 qood

7 1221 9 1248 :
47 1197 146 1271 puter
163 1197 244 1265 tuos,
259 1189 346 1251 bomo
363 1189 637 1268 constantissimus,
653 1198 682 1254 te
695 1193 783 1254 cobis
797 1196 919 1256 comum
931 1195 1061 1273 reliquit

7 1303 8 1342 ς
49 1274 116 1336 Sed
132 1271 204 1334 illud
222 1290 260 1332 ex
281 1273 385 1334 eodem
404 1290 515 1352 genere
537 1275 736 1354 praeclarum,
761 1295 824 1337 oum
849 1276 992 1338 obiiceret
1012 1275 1063 1337 ιιι-
1069 1282 1105 1337 49

48 1359 115 1421 loni
137 1365 293 1418 accusator
315 1358 344 1417 in
363 1367 560 1437 argumentum
585 1359 725 1421 lactarunt
751 1358 855 1421 Clodio
884 1362 1061 1436 insidiarum,

49 1459 112 1523 quo
93 1441 135 1503 d
149 1441 279 1502 Bovillas
294 1450 361 1502 ante
381 1441 482 1503 boram
499 1459 603 1504 nonam
618 1443 810 1522 devertisset,
831 1455 862 1506 ut
877 1453 1062 1523 expectaret,

48 1529 119 1590 dum
146 1522 265 1586 clodius
288 1526 392 1590 arilla
413 1545 465 1588 sua
489 1529 600 1605 exiret,
628 1538 657 1589 et
676 1528 832 1591 identidem
854 1531 1060 1608 interrogaret,

50 1629 110 1692 qno
129 1617 263 1688 tempore
280 1608 400 1672 Clodius
423 1613 538 1672 occisus
561 1621 657 1673 esset:
680 1613 847 1692 respondit,
868 1613 967 1683 Serot·
984 1611 1061 1692 quod

52 1696 105 1756 vel
119 1694 213 1755 solum
230 1694 354 1772 sufficit,
379 1704 410 1756 ut
424 1696 484 1756 hoc
500 1713 594 1774 genus
609 1714 667 1756 non
682 1706 772 1757 toturn
787 1699 966 1777 repudietur.
999 1697 1102 1761 Nectit

6 1775 142 1859 plura
154 1778 240 1841 modo
258 1779 416 1856 significari
432 1778 545 1857 solent,
562 1779 615 1840 sed
631 1782 716 1841 etiam
734 1782 866 1858 diversa,
882 1791 913 1842 ut
926 1781 1005 1842 Nero
1024 1781 1061 1840 de

5 1879 144 1952 servo
157 1864 288 1943 pessimo
305 1863 396 1924 dixit:
417 1857 503 1927 Natta·
517 1824 590 1964 plats
608 1864 696 1944 opud
709 1883 744 1927 se
761 1865 836 1944 fidei
850 1867 970 1942 baberi,
987 1865 1061 1926 ntttt

5 1959 9 2010 t
49 1951 80 2012 ei
99 1963 203 2026 neque
216 1947 373 2010 occlusum
388 1964 487 2028 noque
501 1949 655 2028 epactam
671 1967 746 2014 esse
784 1950 921 2011 Peruenit
939 1966 988 2009 res
1013 1967 1060 2008 us·
1050 1954 1102 2009 -tl

5 2051 108 2114 que
126 2032 164 2094 ad
184 2033 363 2111 aenigma,
385 2033 471 2111 quale
493 2041 539 2094 est
555 2029 735 2095 Ciceronis
725 2051 754 2092 rn
774 2032 932 2094 Pletorium
947 2031 1060 2094 Fonteii

5 2165 7 2198 ,
47 2124 276 2194 accusatorem,
301 2119 390 2179 cuiue
410 2126 557 2195 matrem,
581 2117 668 2194 dixit,
689 2118 762 2179 darm
778 2119 921 2195 violem,
943 2118 1060 2193 ludum,

44 2211 216 2284 postquam
230 2209 351 2270 mortuo
366 2209 455 2280 esset,
471 2203 635 2282 mopiotros
644 2201 798 2264 babuisse.
821 2200 1001 2264 Dicebantur
1011 2217 1061 2260 au·

49 2296 130 2361 tem,
154 2285 218 2346 dum
238 2287 325 2363 vixit,
346 2286 468 2346 infames
489 2285 615 2348 feminae
633 2287 791 2347 convenire
806 2285 842 2346 ad
858 2302 921 2346 eam
938 2284 1059 2353 solitae;

5 2405 6 2418 ι
47 2377 262 2452 postmortem
280 2368 434 2431 bonaeius
455 2369 601 2432 venibant.
641 2369 810 2448 Quanquam
829 2368 877 2430 hic
897 2370 991 2431 ludus
1007 2385 1061 2446 per

5 2505 7 2516 ,
46 2453 273 2516 translationem
285 2453 378 2515 dictus
395 2463 450 2531 est,
465 2455 609 2534 mopittri
622 2472 677 2534 per
687 2453 910 2532 ambiguitatem.
941 2452 974 2513 ln
989 2470 1058 2512 rne-
1068 2460 1103 2514 52
1118 2488 1129 2500 ·

45 2539 220 2618 talepsin
250 2554 366 2617 quoque
394 2538 470 2600 cadit
491 2539 593 2600 eadem
612 2540 686 2598 ratio
706 2538 866 2614 dictorum,
896 2545 929 2598 ut
952 2535 1059 2597 Fabius

5 2681 6 2686 ,
42 2623 212 2697 Maximus,
234 2622 369 2683 incusans
390 2622 514 2701 Augusti
537 2623 767 2700 congiariorum,
794 2640 867 2700 quae
891 2622 990 2682 amicis
1011 2619 1059 2680 da·

5 2715 7 2758 t
42 2708 167 2783 bantur,
191 2707 388 2783 exiguitatem,
404 2707 577 2770 dominatio
595 2725 663 2767 esse
678 2706 765 2775 dixit;
788 2723 852 2765 uam
867 2705 1060 2783 conplurium

5 2807 206 2860 commune
227 2789 408 2851 liberalitatis
430 2800 517 2870 atque
538 2808 708 2867 mensurae,
730 2807 765 2850 ea
781 2789 917 2850 mensura
932 2787 1017 2848 ducta
1031 2788 1060 2846 in

5 2875 240 2938 minutionem
255 2892 361 2952 rerum
394 2874 474 2936 llaec
491 2884 548 2936 tam
569 2874 684 2953 frigida,
708 2891 791 2953 quam
815 2881 861 2933 est
885 2875 1105 2933 nominante

5 2957 167 3024 fictio
192 2958 332 3035 adiectis,
362 2959 517 3036 detractis,
543 2961 657 3020 mutatis
679 2959 799 3020 litteris:
827 2965 858 3017 ut
879 2955 1059 3030 Acisculum,

5 3027 10 3106 l
41 3047 116 3124 qnia
141 3050 225 3104 esset
244 3053 364 3122 pactos,
385 3041 601 3113 Postmodum
623 3051 652 3102 et
667 3041 813 3104 Placidum
828 3041 958 3117 nomine,
982 3039 1060 3118 quod

5 3131 66 3190 lis
88 3127 221 3188 cerbus
236 3137 337 3189 natura
353 3137 444 3206 esset,
459 3127 612 3201 Acirim,-
627 3135 656 3186 et
672 3126 806 3201 Tullium,
824 3143 888 3185 cum
903 3125 949 3184 fur
967 3131 1058 3197 esset,

5 3205 62 3288 ι
113 3213 185 3274 'datm
200 3213 320 3272 dictos'
311 3214 436 3272 moenio
469 3213 528 3274 Sed
549 3212 624 3272 baec
639 3211 740 3272 eadem
755 3227 866 3288 genera
883 3206 1103 3269 commodiusot

5 3271 8 3346 l
44 3297 61 3353 ἱι
109 3295 187 3358 ebus
206 3313 290 3374 quarn
305 3298 334 3355 in
349 3295 509 3356 nominibus
524 3296 712 3375 respondent.
753 3293 827 3354 Afer
847 3293 921 3353 enim
936 3299 1058 3350 venuste

5 3363 61 3436 ι
113 3381 184 3442 lium
200 3381 317 3458 Suram,
339 3381 480 3444 multum
471 3400 500 3441 ιι
514 3381 627 3458 agendo
649 3379 873 3453 discursantem,
896 3375 1057 3450 salientem,

5 3475 61 3520 ι
133 3465 356 3542 eiectantem,
382 3474 479 3542 togam
501 3465 684 3525 deiicientem
718 3473 748 3524 et
767 3468 973 3541 reponentem,
999 3475 1059 3520 noo
