2446 3962
191 185 250 247 132
507 197 871 256 marcomanicum

188 354 258 415 editi
278 355 311 415 io
332 354 557 432 competitores,
577 353 610 414 io
630 348 665 414 t..
681 349 836 427 Pisonem,
864 351 896 412 ic
919 347 1055 411 Clodium
1074 352 1101 406 ct
1119 340 1169 402 Oo-

189 439 305 499 rioocm
317 436 383 498 libri
395 438 637 516 vituperationem
649 436 795 494 continent
810 442 946 494 ettamen
961 435 989 492 in
1000 431 1102 491 Senatu
1111 427 1169 486 loco

161 529 257 585 esunt
270 519 359 580 habiti
375 523 546 582 sententiae.
577 518 681 596 Neque
704 518 808 578 infitias
827 535 879 592 eo,
904 515 1041 596 quasdam
1061 530 1122 572 esse
1140 527 1171 570 er
1211 575 1212 578 Ἴ

189 605 247 666 hoc
265 623 376 681 genere
390 606 525 666 materias
543 603 579 663 ad
597 602 689 662 aelam
707 604 884 680 compositas
900 600 1129 670 ostentationem,
1146 600 1172 652 ut

188 688 289 750 laudes
311 688 430 750 deorum
451 690 653 764 virorumque,
683 703 756 764 quos
777 686 875 765 priora
902 695 1033 763 tempora
1053 680 1170 740 tulerunt.

189 772 255 846 Quo
271 773 394 833 solvitur
411 774 544 850 quaestio
564 787 651 848 supra
666 778 804 844 tractata,
823 769 1060 845 manifestumque
1080 771 1122 822 est
1136 777 1171 818 er·

190 874 256 917 rare
278 873 347 932 eos,
370 857 417 935 qui
439 873 581 933 nunquam
603 862 749 912 oratorem
768 853 909 913 dicturum
929 853 984 911 nisi
1007 851 1043 912 de
1058 867 1090 908 re
1103 845 1174 906 dubia

162 947 373 1018 dputaverunt.
405 940 452 999 An
467 938 567 999 laudes
585 935 740 1015 Capitolini
756 937 850 1010 lovis,
873 945 1016 1015 perpetua
1033 931 1107 992 sacri
1123 945 1173 988 cer·
1213 991 1214 996 γ

190 1025 302 1082 laminis
317 1024 446 1097 materia,
465 1021 514 1081 vel
529 1020 633 1080 dubiae
650 1029 715 1079 sunt
730 1020 780 1079 vel
795 1037 852 1078 non
870 1021 1000 1079 oratorio
1012 1031 1119 1096 genere
1130 1022 1175 1071 m·

191 1103 324 1166 etanturl

275 1188 314 1249 llt
329 1189 476 1250 desiderat
491 1198 586 1249 autem
599 1187 682 1264 laus,
699 1204 773 1265 quae
789 1188 915 1263 negotiis
931 1187 1100 1259 adhibetur,
1122 1193 1176 1258 prc-

191 1273 353 1334 bationem:
377 1275 420 1332 sic
434 1274 519 1332 etiam
533 1273 594 1347 illa,
609 1289 683 1350 quae
698 1272 885 1330 ostentationi
898 1272 1091 1348 componitur,
1106 1262 1178 1324 habel
1213 1301 1214 1306 κ

163 1360 305 1418 5interim
320 1357 445 1434 aliquam
461 1359 590 1434 speciem
604 1354 798 1435 probationis;
814 1363 845 1412 ut
861 1355 908 1431 qui
927 1353 1081 1416 Romulum
1095 1346 1178 1408 Martis

192 1441 280 1500 lilium
293 1440 502 1516 educatumque
516 1457 532 1498 a
545 1439 613 1518 lupa
630 1436 724 1514 dictu,
743 1441 771 1497 in
784 1447 981 1514 argumentum
996 1436 1132 1498 coelestis
1144 1446 1180 1489 or·

191 1534 236 1584 tus
253 1533 348 1584 utatur
364 1523 419 1599 bis,
438 1522 515 1600 quod
527 1522 657 1583 abiectus
674 1522 703 1581 in
720 1521 911 1600 profluentem
928 1539 987 1582 non
999 1519 1125 1602 potuerit
1140 1529 1180 1571 en·

188 1609 293 1685 tingui,
319 1606 396 1687 quod
422 1607 515 1666 omnia
538 1608 581 1665 sic
604 1607 714 1683 egerit,
737 1615 768 1665 ut
792 1606 919 1681 genitum
941 1604 1082 1684 praeside
1102 1597 1181 1661 bello·

192 1709 254 1750 rum
277 1691 333 1751 deo
355 1689 526 1750 incredibile
548 1707 606 1749 non
628 1698 727 1766 esset,
751 1689 828 1768 quod
850 1691 944 1767 ipsum
966 1706 1087 1768 quoque
1110 1680 1181 1744 coelo

164 1784 344 1854 §receptum
371 1775 509 1853 temporis
536 1775 597 1833 eius
619 1773 751 1835 homines
773 1790 831 1833 non
852 1773 1058 1835 dubitaverint.
1103 1768 1184 1843 Quae·

192 1859 256 1920 dam
267 1876 339 1919 vero
358 1861 444 1919 etiam
455 1860 484 1917 in
498 1857 678 1918 defensionis
698 1859 828 1936 speciem
846 1857 960 1932 cadent,
982 1867 1015 1917 ut
1029 1859 1055 1916 si
1067 1857 1095 1915 in
1113 1849 1185 1912 laude

192 1941 326 2002 llerculis
349 1951 541 2020 permutatum
563 1960 626 2002 oum
648 1943 749 2018 regina
771 1939 879 2016 Lydiae
898 1939 1029 2001 habitum
1058 1948 1087 2000 et
1109 1937 1185 2013 tmpe-

193 2035 266 2100 rata,
289 2034 320 2085 ut
342 2025 472 2100 traditur,
495 2043 587 2104 pensa
606 2032 706 2085 orator
724 2033 856 2084 excuset.
891 2024 950 2084 Sed
968 2026 1122 2104 proprium
1138 2019 1187 2079 lau·

194 2109 237 2170 dis
259 2118 304 2168 est
326 2127 375 2168 res
398 2108 639 2186 amplificare
662 2117 691 2168 et
714 2126 857 2168 ornare.

278 2192 360 2266 Quae
389 2194 509 2253 materia
536 2193 695 2271 praecipue
724 2191 839 2270 quidem
863 2193 892 2250 in
913 2191 987 2251 deos
1014 2201 1046 2252 et
1071 2188 1189 2279 homines

194 2276 285 2352 cadit,
310 2286 466 2337 esttamen
485 2285 514 2336 et
531 2277 652 2336 aliorum
669 2275 831 2337 animalium
848 2276 933 2336 etiam
957 2277 1122 2336 carentium
1143 2285 1189 2328 ant·

165 2370 181 2424 t
192 2379 247 2419 ma.
280 2360 390 2420 Verum
410 2361 440 2418 in
461 2361 539 2420 deis
564 2360 744 2436 generaliter
764 2361 885 2438 primum
906 2360 1096 2420 maiestatem
1112 2353 1192 2436 ipsius

193 2459 294 2502 eorum
316 2452 435 2502 naturae
459 2442 677 2519 venerabimur,
703 2443 807 2503 deinde
829 2445 949 2522 proprie
969 2447 1032 2506 vim
1062 2443 1192 2514 cuiusque

164 2535 223 2590 Set
248 2527 380 2603 inventa,
411 2543 486 2604 quae
514 2525 584 2586 utile
613 2526 721 2605 aliquid
748 2526 909 2586 hominibus
938 2529 1105 2589 attulerint.
1149 2520 1193 2580 liii

194 2611 370 2686 ostenditur,
394 2617 425 2668 ut
446 2612 474 2668 in
489 2607 560 2670 Iove
579 2610 773 2687 regendorum
797 2612 930 2685 omnium,
953 2611 982 2670 in
1000 2611 1100 2672 Marte
1122 2603 1193 2676 belli,

192 2695 221 2752 in
241 2691 376 2772 Neptuno
399 2695 500 2763 maris3
521 2695 652 2769 inventa,
675 2704 705 2756 ut
723 2695 824 2755 artium
840 2694 868 2754 in
883 2693 1032 2770 Minerva,
1056 2688 1192 2755 Mercurio

194 2777 365 2854 litterarum,
383 2777 545 2838 medicinae
561 2777 712 2856 Apolline,
732 2775 841 2837 Cerere
856 2778 986 2856 frugum,
1005 2778 1120 2840 Libero
1137 2771 1194 2834 vini.

194 2861 265 2921 Tum
287 2862 312 2920 si
336 2878 391 2938 qua
412 2861 447 2922 ab
470 2862 515 2922 his
537 2869 602 2922 aeta
623 2872 753 2922 vetustas
773 2862 906 2938 tradidit,
934 2857 1194 2924 commemoranda·

193 2942 310 3004 Addunt
331 2946 417 3005 etiam
439 2945 493 3004 diis
511 2945 651 3005 bonorem
666 2953 814 3026 parentes,
837 2955 867 3006 nt
884 2948 908 3006 si
925 2947 989 3024 quis
1008 2948 1051 3008 sit
1070 2947 1148 3008 illins
1159 2940 1198 3002 lo-

193 3029 254 3096 vis;
278 3027 355 3088 addit
377 3029 548 3106 antiquitas,
571 3030 676 3106 uthis,
701 3030 835 3108 quisunt
858 3048 895 3090 ex
918 3027 1015 3099 Obao;
1044 3027 1199 3110 progenies

165 3121 329 3191 9quoque,
350 3121 380 3172 ut
405 3110 515 3191 Apollo
538 3129 573 3172 ac
595 3112 688 3174 Diana
708 3113 846 3174 Latonae.
878 3113 1072 3175 laudandum
1094 3115 1126 3174 in
1147 3107 1200 3190 qul·

194 3195 331 3273 busdam,
355 3195 434 3274 quod
455 3196 545 3273 geniti
562 3196 750 3274 immortales,
773 3197 958 3275 quibusdam,
982 3199 1069 3276 quod
1093 3201 1201 3260 immor·

194 3280 335 3340 talitntem
362 3281 469 3340 virtute
491 3281 547 3338 sint
568 3282 733 3350 consecute
763 3281 841 3358 quod
866 3283 960 3360 pietas
982 3282 1134 3363 principis
1156 3291 1217 3348 uo,

195 3365 247 3423 stri
270 3364 465 3443 praesentium
488 3380 605 3442 quoque
626 3373 787 3444 temporum
808 3366 898 3425 decus
918 3365 998 3424 iecit.
1215 3359 1217 3442 ζ

10 3461 17 3518 ,·’
59 3513 60 3516 ,
155 3458 189 3509 10
279 3446 373 3526 blagis
396 3455 442 3507 est
462 3446 544 3506 varia
561 3448 624 3509 laus
647 3449 833 3508 hominum.
868 3448 940 3509 Nam
957 3450 1087 3527 primum
1109 3444 1217 3514 diviti-2
