2494 3952
176 233 236 296 tto
383 221 395 244 ‘
500 241 628 291 usna.
644 239 864 302 aurocrorum

175 399 256 477 Ergo
272 400 392 478 primurn
405 405 461 473 est,
475 405 505 457 ut
523 395 600 476 quod
612 395 770 456 imitaturus
782 403 828 456 est
842 395 966 474 quisquc
980 394 1121 472 intelligat
1132 403 1172 472 et,

175 501 265 564 quare
283 482 387 542 bonum
403 483 450 556 sit,
467 481 548 542 sciat.

131 577 167 634 19
256 563 327 626 'l'urn
349 567 377 624 io
398 563 584 642 suscipiendo
608 579 698 623 onere
723 561 855 623 consulat
881 579 948 622 suas
970 562 1059 621 vires.
1104 560 1174 622 Nam

174 649 315 730 quaedam
336 647 585 722 aestimabilia,
613 645 716 724 quibus
736 653 793 706 aut·
807 644 954 705 infirmitas
977 654 1096 704 naturae
1118 663 1175 705 non

174 733 299 795 sufficiat
315 737 363 791 aut
377 731 530 792 diversitas
542 738 696 808 repugnet.
726 727 783 805 Ne,
799 730 845 788 cui
857 736 943 788 tenue
954 729 1100 805 ingenium
1106 731 1175 804 erit,

174 816 238 878 sola
253 813 325 876 velit
340 814 425 874 fortia
443 821 472 874 et
486 814 622 893 abrupta;
646 814 692 874 cui
703 813 780 873 forte
796 811 910 890 quidem
932 811 986 872 sed
1000 810 1175 886 indomitum,

174 917 272 960 amore
295 897 461 958 subtilitatis
482 906 512 958 et
530 899 588 957 vim
615 913 694 956 suam
716 895 819 977 perdat
840 904 869 956 et
894 894 1068 972 elegantiam
1094 912 1177 973 quam

174 985 253 1062 cupit
274 998 332 1040 uon
353 989 533 1059 assequatur.
570 978 647 1040 Nihil
676 989 722 1039 est
743 981 818 1040 enim
840 987 897 1038 tam
919 978 1074 1052 indecens,
1093 995 1177 1056 quam

126 1079 236 1132 bocum
251 1063 348 1125 mollia
370 1064 440 1124 dure
457 1065 535 1124 liunt.
563 1064 660 1143 Atque
676 1079 733 1141 ego
749 1062 792 1124 illi
809 1063 1014 1140 praeceptori,
1033 1079 1119 1141 quem
1136 1061 1177 1120 iu·
1231 1065 1232 1072 ’

174 1147 327 1210 stituebam
341 1149 370 1208 in
384 1147 458 1208 libro
471 1147 611 1223 secundo,
628 1146 737 1208 credidi
752 1163 809 1208 nou
823 1163 858 1206 ea
875 1145 940 1206 sola
955 1144 1087 1206 docenda
1100 1162 1176 1219 esse,

175 1233 210 1293 ad
232 1250 307 1311 quae
326 1248 469 1310 quemque
490 1230 696 1310 discipulorum
717 1239 816 1290 natura
838 1229 1029 1308 compositum
1049 1228 1177 1293 viderem

173 1333 237 1376 nam
259 1317 283 1374 is
305 1323 335 1376 et
355 1314 492 1376 adiuvare
515 1314 620 1390 debet,
648 1329 723 1392 quae
750 1315 779 1373 iu
806 1327 924 1392 quoque
951 1329 1051 1374 eorum
1071 1311 1179 1374 inuenit

174 1401 259 1474 bona,
283 1406 322 1472 et,
343 1407 478 1475 quantum
493 1398 556 1457 lieri
572 1407 681 1476 potest,
696 1397 823 1458 adiicere
836 1413 910 1478 quae
921 1397 1026 1458 desunt
1041 1407 1071 1458 et
1082 1415 1178 1458 emen·

175 1483 244 1541 dare
262 1479 402 1559 quaedam
417 1489 588 1548 eluctare:
606 1491 706 1542 rector
722 1484 796 1540 enim
812 1491 858 1540 est
872 1482 1032 1542 alienorum
1047 1483 1178 1559 iugenio·

173 1582 235 1624 rum
257 1573 343 1641 atque
365 1562 514 1623 formator.
532 1591 534 1596 ·
559 1564 713 1625 biiboilius
735 1573 781 1624 est
801 1575 929 1625 naturam
950 1583 1030 1625 suam
1055 1565 1177 1642 lingere.
1216 1567 1223 1587 '¹

127 1659 163 1710 21
174 1647 232 1708 Sed
251 1664 287 1706 ne
303 1646 353 1707 ille
371 1646 486 1724 quidem
508 1648 622 1724 doctor,
638 1664 800 1730 quanquam
816 1649 910 1708 omnia
929 1667 1003 1728 quae
1021 1657 1104 1709 recta
1115 1657 1180 1709 sunt

108 1725 114 1731 ’
173 1729 245 1790 velit
266 1747 333 1790 esse
350 1731 379 1790 io
393 1731 453 1790 suis
470 1731 647 1792 auditoribus
663 1748 746 1810 quam
761 1731 945 1810 plenissima,
971 1733 999 1791 iu
1019 1749 1056 1793 eo
1072 1741 1179 1809 tamen,

175 1815 221 1874 cui
236 1823 364 1874 naturam
381 1813 498 1875 obstare
513 1815 626 1891 viderit,
648 1815 800 1876 laborabit.

257 1897 289 1958 ld
311 1915 427 1977 quoque
447 1899 609 1973 uitandum,
632 1899 660 1957 iu
682 1915 739 1977 quo
760 1915 864 1978 magua
883 1917 951 1978 pars
972 1908 1066 1976 errat,
1094 1918 1131 1960 ne
1152 1902 1179 1962 in

174 1987 305 2041 oratione
321 1990 424 2060 poetas
440 1982 523 2041 nobis
540 1990 569 2042 et
584 1982 756 2057 historicos,
773 1983 875 2044 inillis
892 1982 1030 2063 operibus
1046 1993 1180 2046 oratores

128 2073 221 2126 itaut
239 2063 451 2125 declamatores
469 2065 620 2125 imitandos
641 2073 782 2144 putemus.
818 2067 877 2127 Sua
899 2067 1005 2145 cuique
1025 2069 1180 2146 proposita

174 2147 239 2223 lex,
262 2165 331 2206 suus
355 2149 460 2226 cuique
482 2148 573 2209 decor
595 2157 649 2209 est·
687 2147 759 2209 Nam
779 2167 836 2210 nec
858 2150 1009 2210 comoedia
1029 2150 1180 2211 cothurnis

175 2232 317 2307 assurgit,
334 2274 336 2278 .
351 2248 407 2291 neo
436 2241 536 2292 contra
558 2231 709 2309 tragoedia
733 2233 855 2294 soeculo
874 2233 1044 2310 ingreditur.
1084 2233 1182 2296 Habet

174 2323 269 2373 tamen
292 2315 383 2373 omnis
410 2315 575 2393 eloquentia
603 2314 710 2394 aliquid
743 2332 906 2385 commune;
933 2318 1075 2378 imitemur
1102 2319 1182 2397 quod

130 2403 325 2456 2toommune
342 2406 396 2456 est.
430 2397 524 2457 Etiam
547 2399 604 2459 boo
624 2397 701 2459 solet
715 2399 888 2460 incommodi
903 2399 1038 2461 accidere
1055 2402 1106 2477 iis,
1131 2403 1182 2480 qui

175 2496 208 2537 se
224 2480 271 2538 uni
286 2478 372 2539 alicui
387 2481 489 2557 generi
507 2479 689 2558 dediderunt,
705 2492 746 2558 ut,
759 2485 784 2544 si
799 2485 941 2562 asperitas
956 2485 991 2543 iis
1005 2483 1117 2562 placuit
1129 2485 1181 2546 ali·

177 2564 274 2636 cuius,
297 2561 372 2623 banc
390 2565 476 2623 etiam
496 2564 525 2623 in
545 2564 604 2625 leui
619 2584 655 2626 ao
672 2568 793 2627 remisso
819 2583 969 2628 causarum
987 2585 1101 2644 genere
1122 2586 1183 2628 non

178 2653 298 2714 exuant;
315 2647 341 2706 si
357 2648 481 2708 tenuitas
496 2665 532 2708 ao
544 2649 715 2726 iucunditas,
730 2651 759 2708 in
770 2653 883 2730 asperis
898 2650 1095 2730 gravibusque
1112 2669 1183 2712 cau·

172 2728 214 2786 sis
231 2728 353 2808 ponderi
371 2748 467 2791 rerum
481 2749 582 2810 parum
602 2733 812 2812 respondeant:
839 2752 902 2795 cum
925 2735 963 2794 sit
983 2734 1100 2796 diversa
1122 2752 1183 2796 ncn

173 2829 323 2871 causarum
347 2813 433 2874 modo
453 2816 528 2875 inter
549 2817 629 2894 ipsas
655 2815 788 2877 condicio
813 2817 866 2878 sed
892 2818 920 2877 iu
945 2817 1067 2894 singulis
1093 2821 1183 2880 etiam

175 2897 270 2954 causis
288 2897 425 2973 partium,
444 2899 558 2977 sintque
576 2899 631 2960 alia
647 2899 752 2961 leniter
765 2898 821 2961 alia
838 2917 943 2979 aspere
959 2899 1015 2961 alia
1031 2904 1183 2964 concitate

176 2979 231 3037 alia
247 2979 384 3055 remisse,
408 2980 463 3041 alia
479 2981 602 3042 docendi
618 2983 681 3048 alia=
692 2983 826 3044 movendi
839 2985 933 3061 gratia
947 2983 1085 3055 dicenda;
1107 3004 1183 3065 quc·
1232 3041 1233 3052 ,

129 3069 237 3123 aarum
254 3062 376 3122 omnium
392 3061 536 3124 dissimilis
557 3075 643 3144 atque
664 3067 779 3128 diuersa
793 3068 867 3128 iuter
887 3085 920 3127 se
937 3069 1011 3128 ratio
1027 3077 1083 3129 est.
1123 3069 1183 3130 lta·

175 3157 232 3222 que
253 3161 289 3204 ne
310 3143 367 3205 lroc
388 3147 501 3225 quidem
517 3147 675 3226 suaserim,
697 3150 744 3210 oni
767 3169 800 3210 se
823 3151 909 3212 alicui
930 3153 1068 3231 proprie,
1090 3171 1183 3234 quem
1232 3213 1233 3234 ,

174 3245 229 3305 per
244 3230 337 3290 omnia
351 3238 505 3307 sequatur,
521 3230 666 3293 addicere.
698 3231 827 3293 Omnium
840 3234 1070 3313 perfectissimus
1086 3235 1183 3299 Grae·
1232 3265 1233 3298 1

175 3327 273 3372 corum
291 3312 513 3390 Demosthenes,
530 3314 637 3394 aliquid
648 3326 742 3377 tamen
757 3316 854 3397 aliquo
865 3318 894 3377 iu
911 3318 978 3379 loco
993 3317 1097 3379 melius
1116 3319 1182 3396 alii,

175 3394 296 3469 plurima
311 3394 371 3456 ille.
403 3397 463 3458 Sed
477 3415 535 3458 non
549 3401 598 3477 qui
612 3401 734 3460 maxime
749 3401 899 3462 imitandus
918 3411 949 3462 et
965 3402 1046 3462 solus
1063 3402 1181 3464 imitan-

131 3475 227 3536 astus
243 3485 297 3537 est.
329 3475 404 3552 outo
419 3478 512 3558 ergo?
527 3498 584 3542 non
600 3485 726 3544 estsatis
737 3485 831 3545 omnia
846 3487 890 3582 sio
900 3483 1009 3564 dicere,
1025 3485 1181 3565 quomodo
