2494 3952
207 225 265 290 180
520 237 556 285 u.
572 235 650 284 raa.
668 233 887 294 qururmraur

205 402 235 453 et
256 393 338 470 quasi
359 391 512 452 militantes
535 389 630 452 reiicit
653 407 689 450 ac
709 399 827 467 reparat
851 390 926 451 baec
946 392 1027 452 velut
1048 395 1152 470 sagina
1169 393 1213 455 di·

206 477 304 536 cendi:
333 477 376 534 sic
400 475 605 535 adolescentes
628 490 686 533 nou
708 472 816 534 debent
834 477 949 536 nimium
970 478 1000 536 in
1021 477 1096 538 falsa
1112 493 1215 538 rerum

205 560 328 637 imagine
341 560 464 619 detineri
476 567 504 618 et
514 556 645 618 inanibus
657 575 690 616 se
701 557 861 620 simulacris
879 561 1069 638 usqueadeo,
1086 569 1119 620 nt
1136 561 1214 621 diffi-

205 643 268 704 cilis
284 644 320 705 ab
336 643 380 703 hia
392 644 541 720 digressus
556 643 603 716 ait,
621 641 819 718 assuefacere,
836 660 873 702 ne
885 643 921 704 ab
933 644 994 720 illa,
1009 646 1104 722 inqua
1116 662 1216 724 prope

206 728 426 802 consenuerint,
443 725 548 787 =umbra
570 742 641 786 vera
664 725 827 786 discrimina
847 726 930 787 velut
951 728 1093 806 quendam
1116 729 1214 788 solem

164 812 401 881 lsreformident.
445 808 530 883 Quod
553 809 696 869 accidisse
712 807 797 869 etiam
810 807 916 870 Porcio
931 809 1064 888 Latroni,
1086 814 1139 889 qui
1156 815 1214 891 pri·

159 951 163 960 .
205 896 355 956 musciani
375 894 497 954 nominis
519 893 672 971 professor
695 891 762 967 luit,
785 894 922 968 traditur,
945 905 991 970 ut,
1009 898 1118 956 cumei
1138 915 1214 956 sum·

204 998 278 1040 mam
288 981 316 1038 in
328 978 437 1039 sobolis
448 978 612 1055 opinionem
625 976 764 1036 obtinenti
773 995 860 1038 causa
869 978 901 1038 in
913 979 978 1038 foro
995 988 1075 1038 esset
1091 980 1214 1054 oranda,
1234 977 1235 1054 l

205 1065 335 1141 impense
347 1063 473 1142 petierit,
489 1062 529 1121 uti
547 1059 685 1120 subsellia
700 1062 728 1120 in
738 1061 888 1122 basilicam
897 1063 1137 1123 translementur.
1174 1063 1215 1124 Ita

204 1146 247 1206 illi
269 1146 383 1206 coelum
406 1161 511 1205 novum
537 1144 605 1220 luit,
626 1153 657 1204 ut
682 1147 773 1204 omnis
796 1146 858 1204 eius
880 1146 1047 1224 eloquentia
1070 1149 1215 1208 contineri

164 1240 286 1299 19tecto
303 1249 337 1290 ac
353 1229 511 1307 parietibus
535 1228 693 1289 uideretur.
729 1227 825 1303 Quare
847 1231 977 1307 iuuenis,
1002 1232 1050 1310 qui
1070 1234 1215 1292 rationem
1234 1241 1235 1264 ³

206 1313 370 1376 inveniendi
386 1312 601 1392 eloquendique
616 1331 633 1372 a
647 1311 889 1393 praeceptoribus
910 1314 1066 1392 diligenter
1087 1333 1213 1395 accepe-

206 1399 256 1467 rit;
272 1397 350 1476 quod
366 1415 423 1457 non
439 1404 484 1457 est
498 1396 598 1456 infiniti
616 1398 732 1475 operis,
757 1397 781 1455 si
802 1395 912 1456 dooere
933 1401 1025 1458 sciant
1048 1407 1079 1459 et
1105 1401 1212 1464 velint:

205 1481 446 1542 exercitationem
464 1497 580 1557 quoque
596 1482 737 1540 modicam
753 1479 841 1540 luerit
858 1491 1050 1558 consecutus,
1067 1493 1214 1543 oratorem

206 1564 261 1626 sibi
276 1564 414 1643 aliquem,
431 1563 507 1642 quod
529 1564 604 1642 apud
619 1565 745 1646 maiores
761 1564 823 1624 lieri
838 1564 969 1641 solebat,
986 1565 1107 1642 deligat,
1132 1584 1216 1645 quen

207 1657 355 1727 sequatur,
375 1665 460 1727 quem
476 1649 615 1715 imitetur;
631 1647 742 1708 iudiciis
758 1648 872 1709 intersit
886 1667 970 1728 quam
986 1649 1119 1727 plurimis
1135 1660 1165 1710 et
1183 1653 1216 1710 sil

164 1749 199 1802 20
208 1733 386 1808 certaminis,
411 1733 457 1804 cui
474 1731 646 1806 destinatur,
661 1731 799 1810 frequens
816 1741 975 1810 spectator.
1013 1732 1085 1792 Tum
1113 1753 1215 1794 causas

205 1817 255 1876 uel
271 1815 404 1893 easdem,
429 1833 500 1895 quas
520 1816 569 1892 agi
586 1815 721 1890 audierit,
745 1815 813 1875 stilo
835 1817 948 1895 etipse
971 1828 1146 1895 componat,
1170 1818 1215 1876 vel

207 1903 291 1961 etiam
308 1900 379 1961 alias
394 1918 480 1960 veras
496 1899 629 1961 modoet
646 1901 779 1977 utrinque
802 1907 923 1976 tractet,
948 1909 993 1976 et,
1015 1901 1094 1977 qaod
1111 1902 1141 1960 in
1157 1902 1214 1978 gla-

207 1983 365 2044 diatoribus
387 1984 449 2043 fieri
473 1985 619 2058 videmus,
642 1983 813 2043 decretoriis
838 1993 1027 2060 exerceatur,
1053 1993 1085 2044 ut
1107 1985 1214 2046 iecisse

207 2067 324 2128 Brutum
342 2067 463 2127 diximus
480 2085 532 2144 prc
548 2063 666 2126 Milone.
695 2064 798 2126 Melius
811 2066 868 2127 boo
884 2086 969 2147 quam
984 2068 1154 2129 rescribere
1168 2088 1214 2129 re·

208 2151 318 2210 teribus
335 2150 530 2226 orationibus,
554 2159 584 2209 ut
604 2151 675 2210 lecit
693 2148 806 2210 Cestius
825 2149 927 2212 contra
945 2149 1097 2212 Ciceronis
1127 2156 1212 2214 actio

204 2253 271 2294 nem
292 2234 415 2295 babitans
439 2252 492 2313 pro
516 2235 634 2309 eodem,
666 2253 729 2293 curn
754 2234 874 2295 alteram
897 2244 1008 2314 partem
1034 2237 1105 2295 salis
1128 2255 1213 2296 nosse

149 2341 155 2349 ’
205 2336 263 2378 nou
282 2327 383 2397 posset
399 2337 435 2378 ex
451 2318 515 2377 sola
530 2318 710 2378 defensione.
1234 2333 1235 2336 ¹

163 2416 197 2470 bi
291 2399 381 2462 Citius
397 2410 491 2461 autem
505 2402 628 2461 idoneus
644 2403 698 2461 erit
713 2403 836 2477 iuvenis,
854 2419 938 2480 quem
951 2414 1132 2482 praeceptor
1149 2422 1213 2464 eoe-

146 2493 148 2498 '
203 2486 329 2561 genitia
351 2483 539 2544 declamando
567 2503 651 2563 quam
675 2485 846 2546 simillimum
870 2503 937 2546 esse
955 2489 1079 2547 veritati
1106 2497 1138 2547 at
1165 2508 1213 2568 per

204 2577 280 2627 totas
297 2569 506 2643 ire'materias,
530 2586 647 2646 quarum
666 2587 741 2629 nunc
760 2569 899 2631 facillima
920 2577 968 2629 aut
989 2573 1113 2631 maxime
1134 2572 1211 2632 iaro-

204 2651 304 2712 rabilia
321 2653 490 2732 decerpunt.
524 2651 646 2712 Obstant
665 2651 748 2728 huic,
773 2655 851 2732 quod
873 2653 1003 2714 secundo
1025 2655 1093 2716 loco
1116 2659 1210 2734 posui,

203 2738 266 2796 iere
285 2735 367 2797 turba
388 2736 594 2815 discipulorum
610 2745 639 2796 et
656 2737 835 2797 consuetudo
852 2737 987 2798 classium
1005 2740 1093 2798 certis
1110 2739 1211 2799 diebus

204 2820 423 2895 audiendarum,
444 2819 572 2880 nonnihil
593 2821 678 2880 etiarn
699 2823 852 2897 persuasio
876 2830 987 2900 patrum
1004 2825 1210 2883 numerantium

162 2905 300 2981 tapetias
324 2903 550 2964 declamationes
576 2921 659 2982 quarn
683 2905 902 2964 aestimantium.
943 2906 1019 2980 Sed,
1050 2906 1130 2984 quod
1156 2907 1210 2966 dixi

204 2987 314 3065 primo,
334 2995 366 3045 nt
381 2985 522 3063 arbitror,
549 2986 642 3062 libro,
663 3005 719 3047 nec
735 2987 835 3048 illese
851 2987 943 3048 bonus
959 2999 1140 3068 praeceptor
1155 3009 1209 3050 nra·

203 3071 267 3129 iore
284 3087 403 3129 numero
422 3089 506 3148 quam
527 3072 670 3131 sustinere
694 3073 788 3149 possit
809 3072 956 3147 onerabit,
982 3082 1011 3132 et
1031 3075 1146 3134 inanem
1170 3075 1208 3134 lo·

205 3154 378 3232 quaoitatem
394 3155 519 3230 recidet,
546 3163 578 3214 ut
594 3157 686 3214 omnia
702 3174 777 3233 quae
791 3165 857 3216 sunt
871 3157 900 3216 in
915 3160 1126 3234 controversia,
1143 3176 1208 3232 nes,
1234 3205 1235 3208 ,

203 3247 234 3298 ut
252 3238 365 3316 quidam
378 3237 489 3314 volunt,
507 3240 625 3316 quaein
641 3258 736 3299 rerum
747 3249 858 3317 natura,
874 3239 1019 3308 dicantur:
1038 3251 1067 3301 et
1082 3242 1131 3301 rel
1149 3243 1209 3302 lon·

202 3323 286 3399 glore
302 3323 397 3401 potius
415 3322 526 3382 dierum
549 3324 644 3400 spatio
667 3322 775 3384 laxabit
798 3324 912 3384 dicendi
933 3326 1140 3385 necessitatem
1161 3323 1209 3384 rel

161 3408 336 3469 23materias
352 3406 481 3466 dividere
497 3407 651 3484 permittet.
677 3406 740 3466 Una
757 3408 830 3466 enim
850 3407 1005 3486 diligenter
1020 3409 1126 3470 clienta
1141 3409 1208 3488 plus

203 3489 333 3564 proderit
355 3507 438 3566 quam
460 3490 560 3568 plures
583 3491 735 3550 inchoatae
759 3500 787 3551 et
813 3493 894 3569 quasi
918 3491 1099 3569 degustatae.
1137 3491 1207 3553 Pro·
