2436 3956
313 193 751 263 mss.onnron.nm.1x,n.
976 187 1036 250 105

32 347 213 417 schematum
234 348 368 409 condicio
388 366 445 408 uon
469 349 569 408 eadem
588 359 642 410 est.
681 349 845 424 Quamlibet
861 352 935 412 enim
951 371 1035 434 aper·

31 444 104 510 tum,
122 433 199 512 quod
220 433 306 494 modo
331 442 359 493 ct
381 432 465 492 aliter
487 430 610 510 intelligi
630 435 739 512 possit,
763 435 790 493 in
809 435 876 496 illos
898 445 1036 512 tyrannos

31 517 111 578 bene
127 518 251 594 dixeris,
281 518 347 595 quia
363 515 522 594 periculum
537 526 643 576 tantum
659 534 716 577 non
735 519 820 578 etiam
838 518 949 580 ollensa
964 523 1035 582 vita·

32 610 88 662 tur.
121 599 245 674 Quodsi
261 599 447 677 ambiguitate
464 601 626 660 sententiae
647 604 741 680 possit
761 601 853 679 eludi,
875 621 958 665 nemo
980 615 1081 670 nonos

32 685 76 745 illi
92 684 168 744 lurto
185 684 274 744 luvet.
300 682 379 743 Vera
396 683 514 759 negotia
529 702 671 762 nunquam
686 685 780 746 adhuc
791 685 951 747 habueruut
963 687 1038 751 hano

31 767 141 828 silentii
157 767 378 834 necessitatem
396 767 449 828 sed
465 766 550 827 aliam
566 766 633 828 huic
648 769 769 829 similem
779 787 878 830 verum
896 770 984 832 multo
1002 773 1037 833 ad

31 851 175 929 agendum
191 849 402 926 difficiliorem,
425 867 488 910 cum
504 867 649 928 personae
664 860 800 931 potentes
819 853 952 930 obstant,
975 857 1037 916 sine

32 953 154 1015 quarum
171 934 401 1013 reprehensione
418 935 511 993 teneri
529 951 616 995 causa
628 952 686 995 non
701 938 804 1015 possit.
834 935 964 1016 Ideoque
981 939 1082 1004 hoece

32 1021 151 1099 parcius
169 1027 198 1077 et
217 1019 456 1098 circumspectius
472 1017 634 1078 laciendum
651 1027 711 1087 est;
736 1021 802 1099 quia
817 1021 886 1080 nihil
903 1023 1036 1098 interest,

31 1101 179 1181 quomodo
198 1101 345 1179 offendas,
368 1109 398 1184 et
417 1109 516 1180 aperta
539 1101 630 1178 figura
645 1103 740 1180 perdit
754 1102 811 1164 hoc
827 1105 936 1182 ipsum,
960 1105 1038 1185 quod

32 1187 199 1263 figuraest.
240 1183 369 1263 ldeoque
393 1202 409 1244 a
432 1184 601 1262 quibusdam
628 1194 688 1246 tota
703 1205 751 1246 res
767 1187 950 1267 repudiatur,
973 1191 1036 1248 sive

31 1269 210 1347 intelligatur
226 1269 288 1329 sive
305 1285 363 1329 nou
378 1268 565 1347 intelligatur.
597 1268 655 1328 Sed
672 1269 741 1330 lieet
756 1270 871 1332 modum
886 1271 1035 1332 adhibere.

31 1353 67 1414 ln
81 1355 192 1432 primis,
207 1371 245 1412 ne
261 1353 317 1413 sint
331 1351 512 1412 manifestae.
549 1349 614 1412 Non
636 1362 719 1414 erunt
739 1363 850 1430 autem,
876 1356 901 1414 si
919 1373 983 1428 non
999 1374 1037 1416 ex

31 1437 132 1497 verbis
154 1435 247 1496 dubiis
273 1445 302 1496 et
330 1438 411 1515 quasi
434 1433 596 1514 duplicibus
622 1446 771 1515 petentur:
796 1447 827 1497 ut
848 1439 877 1497 in
901 1449 1038 1518 suspecta

31 1539 116 1596 nuru,
130 1519 216 1581 Daci
229 1537 367 1597 morem,
384 1537 464 1598 quoe
475 1521 562 1599 patri
569 1521 707 1599 placcat,-
724 1530 782 1598 aut,
799 1519 878 1602 quod
894 1531 939 1582 est
949 1523 1084 1587 multoto

34 1605 171 1683 ineptius,
193 1602 450 1683 compositionibus
474 1601 631 1682 ambiguis:
653 1614 685 1665 ut
705 1607 733 1665 iu
752 1604 802 1666 illa
825 1609 1037 1683 controversia,

36 1689 65 1747 in
80 1705 133 1766 qua
147 1687 259 1748 infamis
275 1703 373 1748 amore
386 1687 464 1746 tiliae
479 1687 597 1764 virginis
609 1697 693 1765 pater
707 1697 818 1767 raptam
835 1707 900 1750 eam
915 1690 1037 1751 interro·

34 1779 99 1850 gal,
116 1788 131 1829 a
147 1787 204 1850 quo
221 1772 320 1832 vitiata
337 1773 392 1847 sit,
412 1769 489 1843 Quia
503 1779 547 1848 tc,
569 1771 675 1848 iniquit,
698 1774 827 1850 rapuit?
860 1771 920 1845 Tu,
934 1782 1036 1853 pater,

32 1855 157 1916 narde?
191 1854 250 1914 lles
273 1856 356 1934 ipsae
379 1854 539 1933 perducant
559 1853 683 1915 iudicem
706 1854 742 1914 ad
765 1856 979 1934 suspicionem,
1009 1864 1073 1920 elil

32 1937 202 1999 amoliamur
226 1947 341 2015 cetera,
368 1947 400 1997 ut
425 1937 482 1997 hoc
508 1936 601 1998 solum
625 1939 765 2017 supersim
787 1938 816 1998 in
839 1955 895 2017 quo
919 1939 1037 1999 multum

33 2024 119 2083 etium
135 2023 256 2082 allectus
272 2023 368 2082 iuvant
384 2031 413 2081 et
428 2021 587 2101 interrupta
602 2021 720 2082 silentio
736 2022 823 2082 dictio
836 2031 866 2082 et
877 2023 1035 2083 cunctatio-

32 2124 96 2167 nes.
130 2106 179 2166 Sic
195 2106 269 2166 enim
285 2106 352 2182 het,
374 2113 405 2165 ut
424 2105 513 2166 iudex
534 2114 658 2184 quaerat
671 2105 741 2166 illud
757 2108 857 2170 nescio
875 2107 942 2185 quid
959 2108 1035 2186 ipse,

32 2189 111 2270 quod
126 2188 253 2250 fortasse
268 2206 326 2249 non
345 2188 491 2266 crederet,
514 2190 539 2250 si
554 2188 681 2265 audiret,
700 2199 729 2249 et
746 2190 793 2266 ei,
821 2189 898 2268 quod
914 2207 930 2249 a
946 2207 979 2249 se
995 2191 1035 2248 in·

30 2282 149 2334 ventum
172 2274 334 2349 existimat,
357 2274 466 2335 credat.
512 2273 571 2333 Sed
592 2290 629 2333 ne
647 2274 671 2333 si
690 2275 817 2352 optimae
835 2273 950 2352 quidem
968 2274 1080 2347 sintii

32 2375 101 2419 esse
119 2354 226 2417 debent
241 2357 422 2437 frequentes.
461 2355 533 2416 Nam
556 2356 698 2417 densitate
718 2358 782 2436 ipsa
804 2357 915 2435 figurae
939 2358 1032 2436 aperi-

30 2437 128 2517 untur,
144 2459 201 2502 nec
217 2441 347 2503 offensae
363 2442 454 2500 minus
475 2439 582 2500 habent
599 2439 652 2500 sed
668 2441 857 2502 auctoritatis.
894 2439 958 2500 Nec
983 2459 1034 2519 pu·

31 2526 87 2586 dor
107 2524 235 2602 videtur,
262 2525 338 2604 quod
358 2543 416 2585 non
438 2523 531 2603 palum
556 2524 693 2600 obiicias,
717 2524 770 2584 sed
793 2524 959 2586 diffidentia.
1003 2523 1035 2583 ln

31 2626 158 2686 summa,
180 2610 224 2670 sic
239 2611 360 2670 maxime
381 2607 468 2668 iudex
490 2607 582 2668 credit
604 2607 719 2685 liguris,
745 2609 769 2667 si
791 2626 844 2668 nos
860 2617 940 2687 putat
954 2608 1035 2667 nolle

34 2694 145 2754 dicere.
178 2691 321 2770 Equidem
342 2701 372 2751 et
392 2693 421 2751 in
439 2707 581 2771 personas
597 2691 683 2751 incidi
699 2690 773 2752 tales
795 2701 824 2752 et
840 2693 869 2751 in
884 2709 945 2752 rem
964 2696 1080 2769 quo-73

34 2794 102 2855 quc,
120 2776 198 2853 quod
216 2786 262 2835 cst
277 2776 369 2854 magis
384 2793 495 2851 rarum,
518 2792 592 2853 quae
614 2773 737 2835 obtineri
760 2774 814 2834 nisi
831 2774 886 2835 hac
901 2783 962 2834 arte
977 2791 1035 2834 non

33 2869 146 2939 posset.
179 2859 268 2920 Ream
285 2858 397 2934 tuebar,
414 2875 487 2938 quae
500 2858 661 2919 subiecisse
678 2856 828 2918 dicebatur
839 2859 932 2918 meriti
946 2867 1034 2918 testa·

33 2951 177 3019 mentum,
202 2952 231 3002 et
246 2943 415 3004 dicebantur
431 2941 655 3022 chirographum
671 2943 773 3003 marito
791 2942 934 3020 expiranti
949 2941 1033 3002 here·

33 3027 86 3087 des
110 3026 240 3096 dedisse;
264 3037 294 3086 et
313 3044 415 3086 verum
435 3035 507 3086 erat.
549 3023 636 3102 Nam,
658 3027 724 3105 quia
745 3043 799 3104 per
821 3025 905 3103 leges
927 3025 1078 3089 instituite

32 3128 109 3170 uxor
124 3127 182 3171 nou
197 3120 311 3189 poterat
326 3110 425 3185 heres,
442 3110 470 3172 id
486 3109 580 3171 lucrat
595 3119 699 3187 actum,
716 3119 746 3170 ut
758 3109 793 3169 ad
810 3127 874 3170 eam
890 3108 966 3169 bona
982 3126 1035 3186 per

31 3192 91 3256 hoc
114 3197 231 3254 tacitum
253 3194 504 3255 fideicommissum
526 3195 721 3271 pervenirent.
755 3192 793 3254 Et
815 3201 900 3271 caput
920 3190 1035 3270 quidem

33 3279 109 3337 tueri
126 3277 213 3338 facile
230 3287 308 3354 erat,
328 3278 354 3338 si
369 3277 426 3337 hoc
441 3278 603 3338 diceremus
621 3278 730 3356 palam,
754 3276 808 3338 sed
822 3275 935 3355 peribat
950 3274 1035 3335 here·

32 3360 119 3421 ditas.
156 3359 198 3421 lta
214 3379 286 3440 ergo
303 3362 355 3421 fuit
370 3361 454 3421 nobis
471 3361 629 3440 agendum,
652 3369 684 3420 nt
704 3359 816 3421 iudices
836 3359 906 3420 illud
929 3356 1039 3418 intelli-

32 3453 140 3523 gerent
152 3445 269 3523 iactum,
277 3445 425 3507 delatores
438 3462 495 3505 uon
507 3453 629 3524 possent
640 3442 863 3524 apprehendere
874 3451 905 3503 ut
916 3440 1035 3513 dictume
