<?xml version="1.0" encoding="UTF-8"?>
<!DOCTYPE html PUBLIC "-//W3C//DTD XHTML 1.0 Transitional//EN"
    "http://www.w3.org/TR/xhtml1/DTD/xhtml1-transitional.dtd">
<html xmlns="http://www.w3.org/1999/xhtml" xml:lang="en" lang="en">
 <head>
  <title>
</title>
<meta http-equiv="Content-Type" content="text/html;charset=utf-8" />
  <meta name='ocr-system' content='tesseract 3.04.00' />
  <meta name='ocr-capabilities' content='ocr_page ocr_carea ocr_par ocr_line ocrx_word'/>
</head>
<body>
  <div class='ocr_page' id='page_1' title='image "./mfabiiquintilia04quingoog_0333.png"; bbox 0 0 2436 3956; ppageno 0'>
   <div class='ocr_carea' id='block_1_1' title="bbox 202 179 877 248">
    <p class='ocr_par' dir='ltr' id='par_1_1' title="bbox 202 179 877 248">
     <span class='ocr_line' id='line_1_1' title="bbox 202 179 877 248; baseline -0.009 -8"><span class='ocrx_word' id='word_1_1' title='bbox 202 179 243 240; x_wconf 80' lang='grc'><strong>46</strong></span> <span class='ocrx_word' id='word_1_2' title='bbox 515 187 877 248; x_wconf 80' lang='lat' dir='ltr'><strong>n.rns.qurnrrn1nn1</strong></span> 
     </span>
    </p>
   </div>
   <div class='ocr_carea' id='block_1_2' title="bbox 122 342 1176 3510">
    <p class='ocr_par' dir='ltr' id='par_1_2' title="bbox 156 342 1176 1587">
     <span class='ocr_line' id='line_1_2' title="bbox 285 342 1169 422; baseline -0.005 -17"><span class='ocrx_word' id='word_1_3' title='bbox 285 345 342 405; x_wconf 85' lang='lat' dir='ltr'><strong>Sed</strong></span> <span class='ocrx_word' id='word_1_4' title='bbox 372 344 468 403; x_wconf 87' lang='lat' dir='ltr'><strong>evenit</strong></span> <span class='ocrx_word' id='word_1_5' title='bbox 494 345 682 422; x_wconf 90' lang='lat' dir='ltr'><strong>plerumque,</strong></span> <span class='ocrx_word' id='word_1_6' title='bbox 713 343 791 403; x_wconf 89' lang='lat' dir='ltr'><strong>utin</strong></span> <span class='ocrx_word' id='word_1_7' title='bbox 818 342 872 402; x_wconf 88' lang='lat' dir='ltr'><strong>hac</strong></span> <span class='ocrx_word' id='word_1_8' title='bbox 900 344 1045 421; x_wconf 75' lang='lat' dir='ltr'><strong>diligentia</strong></span> <span class='ocrx_word' id='word_1_9' title='bbox 1068 344 1169 404; x_wconf 74' lang='lat' dir='ltr'><strong>deterior</strong></span> 
     </span>
     <span class='ocr_line' id='line_1_3' title="bbox 157 427 1170 505; baseline -0.003 -18"><span class='ocrx_word' id='word_1_10' title='bbox 157 429 284 494; x_wconf 70' lang='lat' dir='ltr'><strong>osetiarn</strong></span> <span class='ocrx_word' id='word_1_11' title='bbox 306 428 354 487; x_wconf 90' lang='lat' dir='ltr'><strong>liat</strong></span> <span class='ocrx_word' id='word_1_12' title='bbox 376 428 479 486; x_wconf 88' lang='lat' dir='ltr'><strong>oratio.</strong></span> <span class='ocrx_word' id='word_1_13' title='bbox 512 427 653 503; x_wconf 89' lang='lat' dir='ltr'><strong>Primum,</strong></span> <span class='ocrx_word' id='word_1_14' title='bbox 676 429 742 504; x_wconf 92' lang='lat' dir='ltr'><strong>quia</strong></span> <span class='ocrx_word' id='word_1_15' title='bbox 764 435 829 486; x_wconf 94' lang='lat' dir='ltr'><strong>sunt</strong></span> <span class='ocrx_word' id='word_1_16' title='bbox 846 428 951 505; x_wconf 88' lang='lat' dir='ltr'><strong>optima</strong></span> <span class='ocrx_word' id='word_1_17' title='bbox 969 430 1078 487; x_wconf 91' lang='lat' dir='ltr'><strong>minime</strong></span> <span class='ocrx_word' id='word_1_18' title='bbox 1096 444 1170 486; x_wconf 87' lang='lat' dir='ltr'><strong>arces·</strong></span> 
     </span>
     <span class='ocr_line' id='line_1_4' title="bbox 201 509 1170 590; baseline -0.004 -21"><span class='ocrx_word' id='word_1_19' title='bbox 201 515 254 570; x_wconf 90' lang='lat' dir='ltr'><strong>sita</strong></span> <span class='ocrx_word' id='word_1_20' title='bbox 280 521 309 570; x_wconf 90' lang='lat' dir='ltr'><strong>et</strong></span> <span class='ocrx_word' id='word_1_21' title='bbox 329 510 507 588; x_wconf 82' lang='lat' dir='ltr'><strong>simplicibus</strong></span> <span class='ocrx_word' id='word_1_22' title='bbox 528 520 615 588; x_wconf 90' lang='lat' dir='ltr'><strong>atque</strong></span> <span class='ocrx_word' id='word_1_23' title='bbox 636 510 671 570; x_wconf 89' lang='lat' dir='ltr'><strong>ab</strong></span> <span class='ocrx_word' id='word_1_24' title='bbox 695 512 758 588; x_wconf 87' lang='lat' dir='ltr'><strong>ipsa</strong></span> <span class='ocrx_word' id='word_1_25' title='bbox 780 511 902 570; x_wconf 85' lang='lat' dir='ltr'><strong>veritate</strong></span> <span class='ocrx_word' id='word_1_26' title='bbox 924 513 1062 590; x_wconf 82' lang='lat' dir='ltr'><strong>proiectis</strong></span> <span class='ocrx_word' id='word_1_27' title='bbox 1083 509 1170 568; x_wconf 90' lang='lat' dir='ltr'><strong>sinilia.</strong></span> 
     </span>
     <span class='ocr_line' id='line_1_5' title="bbox 199 593 1172 673; baseline -0.006 -19"><span class='ocrx_word' id='word_1_28' title='bbox 199 593 271 654; x_wconf 89' lang='lat' dir='ltr'><strong>Nom</strong></span> <span class='ocrx_word' id='word_1_29' title='bbox 299 594 364 668; x_wconf 91' lang='lat' dir='ltr'><strong>illa,</strong></span> <span class='ocrx_word' id='word_1_30' title='bbox 393 612 467 672; x_wconf 91' lang='lat' dir='ltr'><strong>quae</strong></span> <span class='ocrx_word' id='word_1_31' title='bbox 495 612 589 654; x_wconf 92' lang='lat' dir='ltr'><strong>curam</strong></span> <span class='ocrx_word' id='word_1_32' title='bbox 616 594 756 669; x_wconf 88' lang='lat' dir='ltr'><strong>latentur,</strong></span> <span class='ocrx_word' id='word_1_33' title='bbox 784 602 813 652; x_wconf 80' lang='lat' dir='ltr'><strong>et</strong></span> <span class='ocrx_word' id='word_1_34' title='bbox 834 593 899 653; x_wconf 90' lang='lat' dir='ltr'><strong>licta</strong></span> <span class='ocrx_word' id='word_1_35' title='bbox 925 604 1011 673; x_wconf 86' lang='lat' dir='ltr'><strong>atque</strong></span> <span class='ocrx_word' id='word_1_36' title='bbox 1040 593 1172 671; x_wconf 89' lang='lat' dir='ltr'><strong>composita</strong></span> 
     </span>
     <span class='ocr_line' id='line_1_6' title="bbox 199 667 1173 754; baseline -0.005 -19"><span class='ocrx_word' id='word_1_37' title='bbox 199 678 291 739; x_wconf 90' lang='lat' dir='ltr'><strong>videri</strong></span> <span class='ocrx_word' id='word_1_38' title='bbox 309 680 393 738; x_wconf 90' lang='lat' dir='ltr'><strong>etiam</strong></span> <span class='ocrx_word' id='word_1_39' title='bbox 405 678 521 752; x_wconf 87' lang='lat' dir='ltr'><strong>volunt,</strong></span> <span class='ocrx_word' id='word_1_40' title='bbox 539 695 594 737; x_wconf 92' lang='lat' dir='ltr'><strong>nec</strong></span> <span class='ocrx_word' id='word_1_41' title='bbox 608 667 729 754; x_wconf 80' lang='lat' dir='ltr'><strong>gratiam</strong></span> <span class='ocrx_word' id='word_1_42' title='bbox 746 687 960 754; x_wconf 87' lang='lat' dir='ltr'><strong>consequuntur</strong></span> <span class='ocrx_word' id='word_1_43' title='bbox 977 688 1007 738; x_wconf 88' lang='lat' dir='ltr'><strong>et</strong></span> <span class='ocrx_word' id='word_1_44' title='bbox 1023 674 1173 736; x_wconf 76' lang='lat' dir='ltr'><strong>lidemoniu-</strong></span> 
     </span>
     <span class='ocr_line' id='line_1_7' title="bbox 200 759 1173 840; baseline -0.006 -20"><span class='ocrx_word' id='word_1_45' title='bbox 200 770 260 820; x_wconf 88' lang='lat' dir='ltr'><strong>tunt</strong></span> <span class='ocrx_word' id='word_1_46' title='bbox 275 770 396 840; x_wconf 90' lang='lat' dir='ltr'><strong>propter</strong></span> <span class='ocrx_word' id='word_1_47' title='bbox 416 761 460 836; x_wconf 89' lang='lat' dir='ltr'><strong>id,</strong></span> <span class='ocrx_word' id='word_1_48' title='bbox 479 761 555 839; x_wconf 91' lang='lat' dir='ltr'><strong>quod</strong></span> <span class='ocrx_word' id='word_1_49' title='bbox 578 778 681 820; x_wconf 83' lang='lat' dir='ltr'><strong>sensus</strong></span> <span class='ocrx_word' id='word_1_50' title='bbox 700 759 869 820; x_wconf 79' lang='lat' dir='ltr'><strong>obumbrant</strong></span> <span class='ocrx_word' id='word_1_51' title='bbox 891 770 919 820; x_wconf 91' lang='lat' dir='ltr'><strong>et</strong></span> <span class='ocrx_word' id='word_1_52' title='bbox 941 763 1022 823; x_wconf 86' lang='lat' dir='ltr'><strong>velot</strong></span> <span class='ocrx_word' id='word_1_53' title='bbox 1042 760 1113 820; x_wconf 89' lang='lat' dir='ltr'><strong>laeto</strong></span> <span class='ocrx_word' id='word_1_54' title='bbox 1126 773 1173 834; x_wconf 84' lang='lat' dir='ltr'><strong>gro·</strong></span> 
     </span>
     <span class='ocr_line' id='line_1_8' title="bbox 157 842 1173 923; baseline -0.012 -15"><span class='ocrx_word' id='word_1_55' title='bbox 157 848 273 908; x_wconf 63' lang='lat' dir='ltr'><strong>limine</strong></span> <span class='ocrx_word' id='word_1_56' title='bbox 293 854 354 904; x_wconf 87' lang='lat' dir='ltr'><strong>sata</strong></span> <span class='ocrx_word' id='word_1_57' title='bbox 366 844 554 920; x_wconf 86' lang='lat' dir='ltr'><strong>strangulant.</strong></span> <span class='ocrx_word' id='word_1_58' title='bbox 599 842 672 903; x_wconf 92' lang='lat' dir='ltr'><strong>Nam</strong></span> <span class='ocrx_word' id='word_1_59' title='bbox 687 853 733 919; x_wconf 88' lang='lat' dir='ltr'><strong>et,</strong></span> <span class='ocrx_word' id='word_1_60' title='bbox 753 843 829 921; x_wconf 92' lang='lat' dir='ltr'><strong>qnod</strong></span> <span class='ocrx_word' id='word_1_61' title='bbox 845 853 926 904; x_wconf 88' lang='lat' dir='ltr'><strong>recte</strong></span> <span class='ocrx_word' id='word_1_62' title='bbox 943 845 1000 904; x_wconf 94' lang='lat' dir='ltr'><strong>dici</strong></span> <span class='ocrx_word' id='word_1_63' title='bbox 1017 852 1119 923; x_wconf 90' lang='lat' dir='ltr'><strong>potest,</strong></span> <span class='ocrx_word' id='word_1_64' title='bbox 1135 842 1173 898; x_wconf 86' lang='lat' dir='ltr'><strong>cir·</strong></span> 
     </span>
     <span class='ocr_line' id='line_1_9' title="bbox 201 923 1173 1004; baseline -0.005 -17"><span class='ocrx_word' id='word_1_65' title='bbox 201 930 336 988; x_wconf 89' lang='lat' dir='ltr'><strong>cumimus</strong></span> <span class='ocrx_word' id='word_1_66' title='bbox 355 944 452 986; x_wconf 88' lang='lat' dir='ltr'><strong>amore</strong></span> <span class='ocrx_word' id='word_1_67' title='bbox 468 927 622 987; x_wconf 88' lang='lat' dir='ltr'><strong>verborum</strong></span> <span class='ocrx_word' id='word_1_68' title='bbox 639 935 686 1000; x_wconf 91' lang='lat' dir='ltr'><strong>et,</strong></span> <span class='ocrx_word' id='word_1_69' title='bbox 710 928 789 1004; x_wconf 92' lang='lat' dir='ltr'><strong>quod</strong></span> <span class='ocrx_word' id='word_1_70' title='bbox 806 928 876 986; x_wconf 90' lang='lat' dir='ltr'><strong>satis</strong></span> <span class='ocrx_word' id='word_1_71' title='bbox 893 927 999 988; x_wconf 89' lang='lat' dir='ltr'><strong>dictum</strong></span> <span class='ocrx_word' id='word_1_72' title='bbox 1015 936 1076 1002; x_wconf 87' lang='lat' dir='ltr'><strong>est,</strong></span> <span class='ocrx_word' id='word_1_73' title='bbox 1091 923 1173 1002; x_wconf 89' lang='lat' dir='ltr'><strong>repeti·</strong></span> 
     </span>
     <span class='ocr_line' id='line_1_10' title="bbox 198 1007 1175 1088; baseline -0.005 -20"><span class='ocrx_word' id='word_1_74' title='bbox 198 1030 260 1069; x_wconf 89' lang='lat' dir='ltr'><strong>mus</strong></span> <span class='ocrx_word' id='word_1_75' title='bbox 279 1020 323 1085; x_wconf 91' lang='lat' dir='ltr'><strong>et,</strong></span> <span class='ocrx_word' id='word_1_76' title='bbox 341 1011 417 1087; x_wconf 92' lang='lat' dir='ltr'><strong>qood</strong></span> <span class='ocrx_word' id='word_1_77' title='bbox 438 1027 495 1068; x_wconf 90' lang='lat' dir='ltr'><strong>uno</strong></span> <span class='ocrx_word' id='word_1_78' title='bbox 516 1009 608 1070; x_wconf 86' lang='lat' dir='ltr'><strong>verbo</strong></span> <span class='ocrx_word' id='word_1_79' title='bbox 622 1019 718 1088; x_wconf 90' lang='lat' dir='ltr'><strong>patet,</strong></span> <span class='ocrx_word' id='word_1_80' title='bbox 742 1010 872 1088; x_wconf 90' lang='lat' dir='ltr'><strong>pluribus</strong></span> <span class='ocrx_word' id='word_1_81' title='bbox 894 1027 1046 1072; x_wconf 84' lang='lat' dir='ltr'><strong>oneramus</strong></span> <span class='ocrx_word' id='word_1_82' title='bbox 1062 1020 1089 1069; x_wconf 91' lang='lat' dir='ltr'><strong>et</strong></span> <span class='ocrx_word' id='word_1_83' title='bbox 1101 1007 1175 1086; x_wconf 89' lang='lat' dir='ltr'><strong>plera·</strong></span> 
     </span>
     <span class='ocr_line' id='line_1_11' title="bbox 200 1085 1175 1172; baseline -0.004 -20"><span class='ocrx_word' id='word_1_84' title='bbox 200 1111 256 1172; x_wconf 90' lang='lat' dir='ltr'><strong>que</strong></span> <span class='ocrx_word' id='word_1_85' title='bbox 278 1094 442 1170; x_wconf 82' lang='lat' dir='ltr'><strong>significare</strong></span> <span class='ocrx_word' id='word_1_86' title='bbox 464 1092 567 1153; x_wconf 91' lang='lat' dir='ltr'><strong>melius</strong></span> <span class='ocrx_word' id='word_1_87' title='bbox 594 1087 725 1172; x_wconf 86' lang='lat' dir='ltr'><strong>putamus</strong></span> <span class='ocrx_word' id='word_1_88' title='bbox 755 1112 838 1172; x_wconf 90' lang='lat' dir='ltr'><strong>quam</strong></span> <span class='ocrx_word' id='word_1_89' title='bbox 860 1093 967 1154; x_wconf 87' lang='lat' dir='ltr'><strong>dicere.</strong></span> <span class='ocrx_word' id='word_1_90' title='bbox 1008 1090 1098 1168; x_wconf 84' lang='lat' dir='ltr'><strong>Quid‘l</strong></span> <span class='ocrx_word' id='word_1_91' title='bbox 1117 1085 1175 1167; x_wconf 85' lang='lat' dir='ltr'><strong>quod</strong></span> 
     </span>
     <span class='ocr_line' id='line_1_12' title="bbox 199 1169 1175 1254; baseline -0.006 -18"><span class='ocrx_word' id='word_1_92' title='bbox 199 1176 269 1236; x_wconf 86' lang='lat' dir='ltr'><strong>nihil</strong></span> <span class='ocrx_word' id='word_1_93' title='bbox 283 1179 337 1237; x_wconf 91' lang='lat' dir='ltr'><strong>iam</strong></span> <span class='ocrx_word' id='word_1_94' title='bbox 349 1178 496 1254; x_wconf 89' lang='lat' dir='ltr'><strong>proprium</strong></span> <span class='ocrx_word' id='word_1_95' title='bbox 511 1177 624 1254; x_wconf 86' lang='lat' dir='ltr'><strong>placet,</strong></span> <span class='ocrx_word' id='word_1_96' title='bbox 639 1177 703 1236; x_wconf 88' lang='lat' dir='ltr'><strong>dum</strong></span> <span class='ocrx_word' id='word_1_97' title='bbox 715 1194 814 1254; x_wconf 89' lang='lat' dir='ltr'><strong>parurn</strong></span> <span class='ocrx_word' id='word_1_98' title='bbox 827 1177 953 1236; x_wconf 91' lang='lat' dir='ltr'><strong>creditur</strong></span> <span class='ocrx_word' id='word_1_99' title='bbox 963 1178 1107 1250; x_wconf 91' lang='lat' dir='ltr'><strong>disertum,</strong></span> <span class='ocrx_word' id='word_1_100' title='bbox 1119 1169 1175 1252; x_wconf 88' lang='lat' dir='ltr'><strong>qood</strong></span> 
     </span>
     <span class='ocr_line' id='line_1_13' title="bbox 156 1257 1176 1339; baseline -0.01 -15"><span class='ocrx_word' id='word_1_101' title='bbox 156 1270 227 1324; x_wconf 63' lang='lat' dir='ltr'><strong>soei</strong></span> <span class='ocrx_word' id='word_1_102' title='bbox 243 1261 315 1320; x_wconf 88' lang='lat' dir='ltr'><strong>alius</strong></span> <span class='ocrx_word' id='word_1_103' title='bbox 333 1257 475 1320; x_wconf 75' lang='lat' dir='ltr'><strong>dixisset?</strong></span> <span class='ocrx_word' id='word_1_104' title='bbox 500 1260 526 1319; x_wconf 90' lang='grc' dir='ltr'>Α</span> <span class='ocrx_word' id='word_1_105' title='bbox 549 1262 765 1339; x_wconf 90' lang='lat' dir='ltr'><strong>corruptissimo</strong></span> <span class='ocrx_word' id='word_1_106' title='bbox 788 1278 904 1339; x_wconf 91' lang='lat' dir='ltr'><strong>quoque</strong></span> <span class='ocrx_word' id='word_1_107' title='bbox 921 1271 1072 1339; x_wconf 87' lang='lat' dir='ltr'><strong>poetarum</strong></span> <span class='ocrx_word' id='word_1_108' title='bbox 1093 1259 1176 1334; x_wconf 80' lang='lat' dir='ltr'><strong>liguros</strong></span> 
     </span>
     <span class='ocr_line' id='line_1_14' title="bbox 199 1341 1174 1422; baseline -0.009 -20"><span class='ocrx_word' id='word_1_109' title='bbox 199 1361 251 1403; x_wconf 89' lang='lat' dir='ltr'><strong>seu</strong></span> <span class='ocrx_word' id='word_1_110' title='bbox 273 1343 476 1403; x_wconf 81' lang='lat' dir='ltr'><strong>translationes</strong></span> <span class='ocrx_word' id='word_1_111' title='bbox 497 1353 671 1419; x_wconf 84' lang='lat' dir='ltr'><strong>mutuamur,</strong></span> <span class='ocrx_word' id='word_1_112' title='bbox 695 1353 752 1403; x_wconf 90' lang='lat' dir='ltr'><strong>turn</strong></span> <span class='ocrx_word' id='word_1_113' title='bbox 773 1345 887 1404; x_wconf 90' lang='lat' dir='ltr'><strong>demum</strong></span> <span class='ocrx_word' id='word_1_114' title='bbox 908 1346 1052 1422; x_wconf 79' lang='lat' dir='ltr'><strong>ingeniosi</strong></span> <span class='ocrx_word' id='word_1_115' title='bbox 1075 1341 1174 1408; x_wconf 88' lang='lat' dir='ltr'><strong>scilicet,</strong></span> 
     </span>
     <span class='ocr_line' id='line_1_15' title="bbox 200 1426 1175 1506; baseline -0.004 -22"><span class='ocrx_word' id='word_1_116' title='bbox 200 1428 224 1484; x_wconf 89' lang='lat' dir='ltr'><strong>si</strong></span> <span class='ocrx_word' id='word_1_117' title='bbox 242 1427 278 1486; x_wconf 89' lang='lat' dir='ltr'><strong>ad</strong></span> <span class='ocrx_word' id='word_1_118' title='bbox 297 1426 501 1502; x_wconf 84' lang='lat' dir='ltr'><strong>intelligendos</strong></span> <span class='ocrx_word' id='word_1_119' title='bbox 518 1443 570 1486; x_wconf 90' lang='lat' dir='ltr'><strong>nos</strong></span> <span class='ocrx_word' id='word_1_120' title='bbox 594 1445 667 1504; x_wconf 87' lang='lat' dir='ltr'><strong>opus</strong></span> <span class='ocrx_word' id='word_1_121' title='bbox 690 1429 726 1486; x_wconf 91' lang='lat' dir='ltr'><strong>sit</strong></span> <span class='ocrx_word' id='word_1_122' title='bbox 741 1429 867 1504; x_wconf 79' lang='lat' dir='ltr'><strong>ingenio.</strong></span> <span class='ocrx_word' id='word_1_123' title='bbox 905 1428 993 1506; x_wconf 80' lang='lat' dir='ltr'><strong>Atqui</strong></span> <span class='ocrx_word' id='word_1_124' title='bbox 1012 1428 1080 1488; x_wconf 90' lang='lat' dir='ltr'><strong>satis</strong></span> <span class='ocrx_word' id='word_1_125' title='bbox 1098 1429 1175 1502; x_wconf 80' lang='lat' dir='ltr'><strong>aperit</strong></span> 
     </span>
     <span class='ocr_line' id='line_1_16' title="bbox 200 1507 1175 1587; baseline -0.001 -20"><span class='ocrx_word' id='word_1_126' title='bbox 200 1507 304 1568; x_wconf 83' lang='lat' dir='ltr'><strong>Cicero</strong></span> <span class='ocrx_word' id='word_1_127' title='bbox 328 1519 536 1587; x_wconf 81' lang='lat' dir='ltr'><strong>praeceperat,</strong></span> <span class='ocrx_word' id='word_1_128' title='bbox 557 1512 589 1570; x_wconf 80' lang='lat' dir='ltr'><strong>in</strong></span> <span class='ocrx_word' id='word_1_129' title='bbox 613 1511 744 1572; x_wconf 78' lang='lat' dir='ltr'><strong>dicendo</strong></span> <span class='ocrx_word' id='word_1_130' title='bbox 761 1513 868 1571; x_wconf 77' lang='lat' dir='ltr'><strong>ollium</strong></span> <span class='ocrx_word' id='word_1_131' title='bbox 887 1513 935 1572; x_wconf 82' lang='lat' dir='ltr'><strong>ecl</strong></span> <span class='ocrx_word' id='word_1_132' title='bbox 951 1514 1113 1574; x_wconf 64' lang='lat' dir='ltr'><strong>mammone</strong></span> <span class='ocrx_word' id='word_1_133' title='bbox 1128 1520 1175 1566; x_wconf 75' lang='lat' dir='ltr'><strong>eost</strong></span> 
     </span>
    </p>

    <p class='ocr_par' dir='ltr' id='par_1_3' title="bbox 156 1586 1176 1921">
     <span class='ocr_line' id='line_1_17' title="bbox 199 1586 1175 1672; baseline -0.008 -19"><span class='ocrx_word' id='word_1_134' title='bbox 199 1612 220 1653; x_wconf 86' lang='lat' dir='ltr'><strong>a</strong></span> <span class='ocrx_word' id='word_1_135' title='bbox 233 1594 356 1670; x_wconf 80' lang='lat' dir='ltr'><strong>culpari</strong></span> <span class='ocrx_word' id='word_1_136' title='bbox 368 1611 480 1670; x_wconf 77' lang='lat' dir='ltr'><strong>penore</strong></span> <span class='ocrx_word' id='word_1_137' title='bbox 496 1595 645 1655; x_wconf 78' lang='lat' dir='ltr'><strong>orationis</strong></span> <span class='ocrx_word' id='word_1_138' title='bbox 659 1603 750 1672; x_wconf 82' lang='lat' dir='ltr'><strong>utque</strong></span> <span class='ocrx_word' id='word_1_139' title='bbox 765 1614 786 1656; x_wconf 87' lang='lat' dir='ltr'><strong>a</strong></span> <span class='ocrx_word' id='word_1_140' title='bbox 803 1597 1023 1657; x_wconf 79' lang='lat' dir='ltr'><strong>consuetudine</strong></span> <span class='ocrx_word' id='word_1_141' title='bbox 1038 1586 1175 1655; x_wconf 71' lang='lat' dir='ltr'><strong>contonando</strong></span> 
     </span>
     <span class='ocr_line' id='line_1_18' title="bbox 156 1676 1176 1755; baseline 0.002 -17"><span class='ocrx_word' id='word_1_142' title='bbox 156 1685 307 1740; x_wconf 59' lang='lat' dir='ltr'><strong>adsensus</strong></span> <span class='ocrx_word' id='word_1_143' title='bbox 332 1676 509 1737; x_wconf 82' lang='lat' dir='ltr'><strong>abhorrere.</strong></span> <span class='ocrx_word' id='word_1_144' title='bbox 551 1677 610 1737; x_wconf 90' lang='lat' dir='ltr'><strong>Sed</strong></span> <span class='ocrx_word' id='word_1_145' title='bbox 638 1677 688 1737; x_wconf 90' lang='lat' dir='ltr'><strong>ille</strong></span> <span class='ocrx_word' id='word_1_146' title='bbox 715 1678 801 1737; x_wconf 89' lang='lat' dir='ltr'><strong>durus</strong></span> <span class='ocrx_word' id='word_1_147' title='bbox 828 1687 914 1755; x_wconf 91' lang='lat' dir='ltr'><strong>atque</strong></span> <span class='ocrx_word' id='word_1_148' title='bbox 943 1679 1114 1741; x_wconf 87' lang='lat' dir='ltr'><strong>ineruditos;</strong></span> <span class='ocrx_word' id='word_1_149' title='bbox 1138 1684 1176 1728; x_wconf 75' lang='grc'><strong>111</strong></span> 
     </span>
     <span class='ocr_line' id='line_1_19' title="bbox 199 1758 1175 1839; baseline -0.006 -23"><span class='ocrx_word' id='word_1_150' title='bbox 199 1758 319 1834; x_wconf 89' lang='lat' dir='ltr'><strong>melius,</strong></span> <span class='ocrx_word' id='word_1_151' title='bbox 344 1759 446 1837; x_wconf 89' lang='lat' dir='ltr'><strong>quibus</strong></span> <span class='ocrx_word' id='word_1_152' title='bbox 469 1761 569 1820; x_wconf 90' lang='lat' dir='ltr'><strong>sordet</strong></span> <span class='ocrx_word' id='word_1_153' title='bbox 591 1779 690 1837; x_wconf 89' lang='lat' dir='ltr'><strong>omne,</strong></span> <span class='ocrx_word' id='word_1_154' title='bbox 713 1760 790 1839; x_wconf 94' lang='lat' dir='ltr'><strong>quod</strong></span> <span class='ocrx_word' id='word_1_155' title='bbox 807 1771 905 1820; x_wconf 89' lang='lat' dir='ltr'><strong>natura</strong></span> <span class='ocrx_word' id='word_1_156' title='bbox 924 1762 1059 1836; x_wconf 83' lang='lat' dir='ltr'><strong>dictavit,</strong></span> <span class='ocrx_word' id='word_1_157' title='bbox 1079 1758 1123 1836; x_wconf 88' lang='lat' dir='ltr'><strong>qui</strong></span> <span class='ocrx_word' id='word_1_158' title='bbox 1137 1766 1175 1812; x_wconf 87' lang='lat' dir='ltr'><strong>ooo</strong></span> 
     </span>
     <span class='ocr_line' id='line_1_20' title="bbox 200 1841 1174 1921; baseline -0.011 -19"><span class='ocrx_word' id='word_1_159' title='bbox 200 1851 365 1902; x_wconf 87' lang='lat' dir='ltr'><strong>ornamenta</strong></span> <span class='ocrx_word' id='word_1_160' title='bbox 380 1845 542 1921; x_wconf 87' lang='lat' dir='ltr'><strong>quaerimus</strong></span> <span class='ocrx_word' id='word_1_161' title='bbox 559 1845 611 1905; x_wconf 92' lang='lat' dir='ltr'><strong>sed</strong></span> <span class='ocrx_word' id='word_1_162' title='bbox 633 1845 785 1904; x_wconf 87' lang='lat' dir='ltr'><strong>lenocinia.</strong></span> <span class='ocrx_word' id='word_1_163' title='bbox 817 1844 905 1918; x_wconf 83' lang='lat' dir='ltr'><strong>Quasi</strong></span> <span class='ocrx_word' id='word_1_164' title='bbox 920 1862 992 1904; x_wconf 90' lang='lat' dir='ltr'><strong>vero</strong></span> <span class='ocrx_word' id='word_1_165' title='bbox 1012 1847 1048 1904; x_wconf 87' lang='lat' dir='ltr'><strong>sit</strong></span> <span class='ocrx_word' id='word_1_166' title='bbox 1063 1841 1115 1901; x_wconf 88' lang='lat' dir='ltr'><strong>ulla</strong></span> <span class='ocrx_word' id='word_1_167' title='bbox 1129 1851 1174 1894; x_wconf 90' lang='lat' dir='ltr'><strong>rer·</strong></span> 
     </span>
    </p>

    <p class='ocr_par' dir='ltr' id='par_1_4' title="bbox 124 1922 1175 3423">
     <span class='ocr_line' id='line_1_21' title="bbox 124 1922 1175 2008; baseline -0.006 -24"><span class='ocrx_word' id='word_1_168' title='bbox 124 1955 129 1972; x_wconf 67' lang='lat' dir='ltr'><strong>a</strong></span> <span class='ocrx_word' id='word_1_169' title='bbox 199 1926 300 1985; x_wconf 89' lang='lat' dir='ltr'><strong>borum</strong></span> <span class='ocrx_word' id='word_1_170' title='bbox 317 1929 370 1984; x_wconf 88' lang='lat' dir='ltr'><strong>nisi</strong></span> <span class='ocrx_word' id='word_1_171' title='bbox 387 1928 429 1986; x_wconf 90' lang='lat' dir='ltr'><strong>rei</strong></span> <span class='ocrx_word' id='word_1_172' title='bbox 446 1927 660 1987; x_wconf 86' lang='lat' dir='ltr'><strong>cohaerentium</strong></span> <span class='ocrx_word' id='word_1_173' title='bbox 681 1928 786 1994; x_wconf 90' lang='lat' dir='ltr'><strong>virtus;</strong></span> <span class='ocrx_word' id='word_1_174' title='bbox 812 1945 886 2004; x_wconf 90' lang='lat' dir='ltr'><strong>quae</strong></span> <span class='ocrx_word' id='word_1_175' title='bbox 906 1938 937 1987; x_wconf 92' lang='lat' dir='ltr'><strong>ut</strong></span> <span class='ocrx_word' id='word_1_176' title='bbox 958 1929 1075 2008; x_wconf 89' lang='lat' dir='ltr'><strong>propria</strong></span> <span class='ocrx_word' id='word_1_177' title='bbox 1099 1922 1175 1982; x_wconf 82' lang='lat' dir='ltr'><strong>slortei</strong></span> 
     </span>
     <span class='ocr_line' id='line_1_22' title="bbox 200 2002 1175 2088; baseline -0.008 -20"><span class='ocrx_word' id='word_1_178' title='bbox 200 2009 324 2069; x_wconf 88' lang='lat' dir='ltr'><strong>dilucida</strong></span> <span class='ocrx_word' id='word_1_179' title='bbox 356 2019 386 2068; x_wconf 92' lang='lat' dir='ltr'><strong>et</strong></span> <span class='ocrx_word' id='word_1_180' title='bbox 414 2020 513 2070; x_wconf 89' lang='lat' dir='ltr'><strong>ornata</strong></span> <span class='ocrx_word' id='word_1_181' title='bbox 537 2020 566 2070; x_wconf 91' lang='lat' dir='ltr'><strong>et</strong></span> <span class='ocrx_word' id='word_1_182' title='bbox 587 2019 653 2088; x_wconf 92' lang='lat' dir='ltr'><strong>apte</strong></span> <span class='ocrx_word' id='word_1_183' title='bbox 683 2010 879 2087; x_wconf 85' lang='lat' dir='ltr'><strong>collocentur,</strong></span> <span class='ocrx_word' id='word_1_184' title='bbox 905 2013 929 2070; x_wconf 92' lang='lat' dir='ltr'><strong>sl</strong></span> <span class='ocrx_word' id='word_1_185' title='bbox 957 2022 1018 2072; x_wconf 88' lang='lat' dir='ltr'><strong>tota</strong></span> <span class='ocrx_word' id='word_1_186' title='bbox 1042 2011 1096 2070; x_wconf 87' lang='lat' dir='ltr'><strong>rita</strong></span> <span class='ocrx_word' id='word_1_187' title='bbox 1116 2002 1175 2065; x_wconf 86' lang='lat' dir='ltr'><strong>labo·</strong></span> 
     </span>
     <span class='ocr_line' id='line_1_23' title="bbox 156 2084 1175 2158; baseline 0.001 -8"><span class='ocrx_word' id='word_1_188' title='bbox 156 2091 314 2158; x_wconf 72' lang='lat' dir='ltr'><strong>strandum</strong></span> <span class='ocrx_word' id='word_1_189' title='bbox 346 2102 406 2152; x_wconf 88' lang='lat' dir='ltr'><strong>est:</strong></span> <span class='ocrx_word' id='word_1_190' title='bbox 438 2095 528 2152; x_wconf 89' lang='lat' dir='ltr'><strong>omnis</strong></span> <span class='ocrx_word' id='word_1_191' title='bbox 557 2093 714 2152; x_wconf 88' lang='lat' dir='ltr'><strong>studiorum</strong></span> <span class='ocrx_word' id='word_1_192' title='bbox 744 2092 854 2154; x_wconf 86' lang='lat' dir='ltr'><strong>fructus</strong></span> <span class='ocrx_word' id='word_1_193' title='bbox 887 2098 1009 2156; x_wconf 90' lang='lat' dir='ltr'><strong>amissus</strong></span> <span class='ocrx_word' id='word_1_194' title='bbox 1045 2102 1096 2152; x_wconf 91' lang='lat' dir='ltr'><strong>est.</strong></span> <span class='ocrx_word' id='word_1_195' title='bbox 1139 2084 1175 2144; x_wconf 77' lang='grc'><strong>111·</strong></span> 
     </span>
     <span class='ocr_line' id='line_1_24' title="bbox 199 2169 1175 2256; baseline 0.001 -23"><span class='ocrx_word' id='word_1_196' title='bbox 199 2178 247 2252; x_wconf 94' lang='lat' dir='ltr'><strong>qui</strong></span> <span class='ocrx_word' id='word_1_197' title='bbox 270 2176 428 2254; x_wconf 91' lang='lat' dir='ltr'><strong>plerosque</strong></span> <span class='ocrx_word' id='word_1_198' title='bbox 450 2177 551 2236; x_wconf 84' lang='lat' dir='ltr'><strong>videas</strong></span> <span class='ocrx_word' id='word_1_199' title='bbox 576 2177 729 2236; x_wconf 87' lang='lat' dir='ltr'><strong>haerentes</strong></span> <span class='ocrx_word' id='word_1_200' title='bbox 758 2179 835 2237; x_wconf 90' lang='lat' dir='ltr'><strong>circa</strong></span> <span class='ocrx_word' id='word_1_201' title='bbox 865 2178 1003 2256; x_wconf 77' lang='lat' dir='ltr'><strong>singula,</strong></span> <span class='ocrx_word' id='word_1_202' title='bbox 1025 2169 1175 2240; x_wconf 72' lang='lat' dir='ltr'><strong>eodonis·</strong></span> 
     </span>
     <span class='ocr_line' id='line_1_25' title="bbox 198 2244 1174 2339; baseline 0.006 -23"><span class='ocrx_word' id='word_1_203' title='bbox 198 2261 315 2319; x_wconf 90' lang='lat' dir='ltr'><strong>veniunt</strong></span> <span class='ocrx_word' id='word_1_204' title='bbox 342 2269 371 2318; x_wconf 90' lang='lat' dir='ltr'><strong>et</strong></span> <span class='ocrx_word' id='word_1_205' title='bbox 400 2260 464 2319; x_wconf 90' lang='lat' dir='ltr'><strong>dum</strong></span> <span class='ocrx_word' id='word_1_206' title='bbox 491 2257 605 2320; x_wconf 86' lang='lat' dir='ltr'><strong>inventa</strong></span> <span class='ocrx_word' id='word_1_207' title='bbox 634 2261 795 2339; x_wconf 88' lang='lat' dir='ltr'><strong>ponderant</strong></span> <span class='ocrx_word' id='word_1_208' title='bbox 823 2279 857 2322; x_wconf 89' lang='lat' dir='ltr'><strong>ac</strong></span> <span class='ocrx_word' id='word_1_209' title='bbox 883 2262 1074 2324; x_wconf 88' lang='lat' dir='ltr'><strong>dimetiuntur.</strong></span> <span class='ocrx_word' id='word_1_210' title='bbox 1112 2244 1174 2330; x_wconf 67' lang='grc'><strong>0111</strong></span> 
     </span>
     <span class='ocr_line' id='line_1_26' title="bbox 199 2334 1174 2422; baseline -0.002 -24"><span class='ocrx_word' id='word_1_211' title='bbox 199 2343 222 2399; x_wconf 91' lang='lat' dir='ltr'><strong>si</strong></span> <span class='ocrx_word' id='word_1_212' title='bbox 244 2341 353 2401; x_wconf 90' lang='lat' dir='ltr'><strong>idcirco</strong></span> <span class='ocrx_word' id='word_1_213' title='bbox 377 2343 475 2418; x_wconf 85' lang='lat' dir='ltr'><strong>lieret,</strong></span> <span class='ocrx_word' id='word_1_214' title='bbox 499 2353 529 2402; x_wconf 90' lang='lat' dir='ltr'><strong>ut</strong></span> <span class='ocrx_word' id='word_1_215' title='bbox 552 2362 669 2422; x_wconf 93' lang='lat' dir='ltr'><strong>semper</strong></span> <span class='ocrx_word' id='word_1_216' title='bbox 687 2346 801 2422; x_wconf 89' lang='lat' dir='ltr'><strong>optimis</strong></span> <span class='ocrx_word' id='word_1_217' title='bbox 824 2354 985 2406; x_wconf 90' lang='lat' dir='ltr'><strong>uterentur:</strong></span> <span class='ocrx_word' id='word_1_218' title='bbox 1014 2334 1174 2408; x_wconf 81' lang='lat' dir='ltr'><strong>abominando</strong></span> 
     </span>
     <span class='ocr_line' id='line_1_27' title="bbox 198 2424 1175 2505; baseline 0.002 -24"><span class='ocrx_word' id='word_1_219' title='bbox 198 2433 292 2482; x_wconf 85' lang='lat' dir='ltr'><strong>tamen</strong></span> <span class='ocrx_word' id='word_1_220' title='bbox 322 2424 395 2484; x_wconf 90' lang='lat' dir='ltr'><strong>haec</strong></span> <span class='ocrx_word' id='word_1_221' title='bbox 421 2425 576 2486; x_wconf 80' lang='lat' dir='ltr'><strong>infelicitas</strong></span> <span class='ocrx_word' id='word_1_222' title='bbox 603 2437 682 2501; x_wconf 88' lang='lat' dir='ltr'><strong>erat,</strong></span> <span class='ocrx_word' id='word_1_223' title='bbox 712 2447 786 2505; x_wconf 87' lang='lat' dir='ltr'><strong>quae</strong></span> <span class='ocrx_word' id='word_1_224' title='bbox 815 2439 843 2489; x_wconf 90' lang='lat' dir='ltr'><strong>et</strong></span> <span class='ocrx_word' id='word_1_225' title='bbox 871 2446 984 2490; x_wconf 88' lang='lat' dir='ltr'><strong>cursum</strong></span> <span class='ocrx_word' id='word_1_226' title='bbox 1013 2427 1119 2492; x_wconf 90' lang='lat' dir='ltr'><strong>dicendi</strong></span> <span class='ocrx_word' id='word_1_227' title='bbox 1143 2435 1175 2478; x_wconf 81' lang='lat' dir='ltr'><strong>ro·</strong></span> 
     </span>
     <span class='ocr_line' id='line_1_28' title="bbox 198 2503 1174 2595; baseline -0.006 -31"><span class='ocrx_word' id='word_1_228' title='bbox 198 2506 292 2566; x_wconf 84' lang='lat' dir='ltr'><strong>frenat</strong></span> <span class='ocrx_word' id='word_1_229' title='bbox 316 2517 343 2566; x_wconf 89' lang='lat' dir='ltr'><strong>et</strong></span> <span class='ocrx_word' id='word_1_230' title='bbox 365 2507 490 2568; x_wconf 90' lang='lat' dir='ltr'><strong>calorem</strong></span> <span class='ocrx_word' id='word_1_231' title='bbox 513 2511 694 2595; x_wconf 72' lang='lat' dir='ltr'><strong>cogitationis</strong></span> <span class='ocrx_word' id='word_1_232' title='bbox 718 2513 856 2590; x_wconf 78' lang='lat' dir='ltr'><strong>extinguit</strong></span> <span class='ocrx_word' id='word_1_233' title='bbox 877 2530 955 2573; x_wconf 89' lang='lat' dir='ltr'><strong>mora</strong></span> <span class='ocrx_word' id='word_1_234' title='bbox 979 2524 1008 2574; x_wconf 88' lang='lat' dir='ltr'><strong>et</strong></span> <span class='ocrx_word' id='word_1_235' title='bbox 1032 2503 1174 2574; x_wconf 83' lang='lat' dir='ltr'><strong>diffidentia.</strong></span> 
     </span>
     <span class='ocr_line' id='line_1_29' title="bbox 157 2587 1175 2675; baseline -0.002 -29"><span class='ocrx_word' id='word_1_236' title='bbox 157 2588 288 2650; x_wconf 78' lang='lat' dir='ltr'><strong>28llliser</strong></span> <span class='ocrx_word' id='word_1_237' title='bbox 309 2593 383 2650; x_wconf 88' lang='lat' dir='ltr'><strong>enirn</strong></span> <span class='ocrx_word' id='word_1_238' title='bbox 401 2601 447 2668; x_wconf 93' lang='lat' dir='ltr'><strong>et,</strong></span> <span class='ocrx_word' id='word_1_239' title='bbox 470 2603 500 2653; x_wconf 89' lang='lat' dir='ltr'><strong>nt</strong></span> <span class='ocrx_word' id='word_1_240' title='bbox 516 2595 559 2654; x_wconf 90' lang='lat' dir='ltr'><strong>sio</strong></span> <span class='ocrx_word' id='word_1_241' title='bbox 577 2594 684 2671; x_wconf 90' lang='lat' dir='ltr'><strong>dicam,</strong></span> <span class='ocrx_word' id='word_1_242' title='bbox 708 2614 818 2675; x_wconf 90' lang='lat' dir='ltr'><strong>pauper</strong></span> <span class='ocrx_word' id='word_1_243' title='bbox 835 2607 1010 2674; x_wconf 69' lang='lat' dir='ltr'><strong>oratorem,</strong></span> <span class='ocrx_word' id='word_1_244' title='bbox 1028 2600 1075 2675; x_wconf 92' lang='lat' dir='ltr'><strong>qui</strong></span> <span class='ocrx_word' id='word_1_245' title='bbox 1091 2587 1175 2652; x_wconf 84' lang='lat' dir='ltr'><strong>nullon</strong></span> 
     </span>
     <span class='ocr_line' id='line_1_30' title="bbox 197 2673 1174 2761; baseline 0.007 -30"><span class='ocrx_word' id='word_1_246' title='bbox 197 2674 317 2734; x_wconf 87' lang='lat' dir='ltr'><strong>verbum</strong></span> <span class='ocrx_word' id='word_1_247' title='bbox 335 2693 429 2754; x_wconf 92' lang='lat' dir='ltr'><strong>aequo</strong></span> <span class='ocrx_word' id='word_1_248' title='bbox 446 2678 539 2736; x_wconf 89' lang='lat' dir='ltr'><strong>animo</strong></span> <span class='ocrx_word' id='word_1_249' title='bbox 556 2679 679 2755; x_wconf 91' lang='lat' dir='ltr'><strong>perdere</strong></span> <span class='ocrx_word' id='word_1_250' title='bbox 694 2688 802 2758; x_wconf 83' lang='lat' dir='ltr'><strong>potest.</strong></span> <span class='ocrx_word' id='word_1_251' title='bbox 829 2680 887 2741; x_wconf 90' lang='lat' dir='ltr'><strong>Sed</strong></span> <span class='ocrx_word' id='word_1_252' title='bbox 903 2699 939 2741; x_wconf 89' lang='lat' dir='ltr'><strong>ne</strong></span> <span class='ocrx_word' id='word_1_253' title='bbox 954 2682 1058 2761; x_wconf 88' lang='lat' dir='ltr'><strong>perdet</strong></span> <span class='ocrx_word' id='word_1_254' title='bbox 1072 2673 1174 2755; x_wconf 76' lang='lat' dir='ltr'><strong>quiden</strong></span> 
     </span>
     <span class='ocr_line' id='line_1_31' title="bbox 198 2757 1175 2842; baseline -0.005 -26"><span class='ocrx_word' id='word_1_255' title='bbox 198 2760 245 2834; x_wconf 90' lang='lat' dir='ltr'><strong>qui</strong></span> <span class='ocrx_word' id='word_1_256' title='bbox 271 2760 412 2818; x_wconf 91' lang='lat' dir='ltr'><strong>rationem</strong></span> <span class='ocrx_word' id='word_1_257' title='bbox 438 2760 594 2838; x_wconf 91' lang='lat' dir='ltr'><strong>eloquendi</strong></span> <span class='ocrx_word' id='word_1_258' title='bbox 619 2764 738 2840; x_wconf 90' lang='lat' dir='ltr'><strong>primum</strong></span> <span class='ocrx_word' id='word_1_259' title='bbox 767 2767 954 2842; x_wconf 78' lang='lat' dir='ltr'><strong>cognoverit,</strong></span> <span class='ocrx_word' id='word_1_260' title='bbox 981 2774 1039 2824; x_wconf 87' lang='lat' dir='ltr'><strong>tum</strong></span> <span class='ocrx_word' id='word_1_261' title='bbox 1071 2757 1175 2822; x_wconf 75' lang='lat' dir='ltr'><strong>lection</strong></span> 
     </span>
     <span class='ocr_line' id='line_1_32' title="bbox 197 2840 1174 2925; baseline 0.008 -28"><span class='ocrx_word' id='word_1_262' title='bbox 197 2840 283 2899; x_wconf 88' lang='lat' dir='ltr'><strong>multa</strong></span> <span class='ocrx_word' id='word_1_263' title='bbox 307 2851 336 2900; x_wconf 90' lang='lat' dir='ltr'><strong>et</strong></span> <span class='ocrx_word' id='word_1_264' title='bbox 355 2843 460 2902; x_wconf 85' lang='lat' dir='ltr'><strong>idonea</strong></span> <span class='ocrx_word' id='word_1_265' title='bbox 484 2845 632 2920; x_wconf 90' lang='lat' dir='ltr'><strong>copiosam</strong></span> <span class='ocrx_word' id='word_1_266' title='bbox 654 2845 707 2904; x_wconf 89' lang='lat' dir='ltr'><strong>sibi</strong></span> <span class='ocrx_word' id='word_1_267' title='bbox 722 2846 876 2906; x_wconf 86' lang='lat' dir='ltr'><strong>verborum</strong></span> <span class='ocrx_word' id='word_1_268' title='bbox 891 2847 1101 2925; x_wconf 87' lang='lat' dir='ltr'><strong>supellectilem</strong></span> <span class='ocrx_word' id='word_1_269' title='bbox 1116 2850 1174 2899; x_wconf 70' lang='lat'><strong>0⁰⁰¹·</strong></span> 
     </span>
     <span class='ocr_line' id='line_1_33' title="bbox 197 2923 1174 3006; baseline -0.006 -24"><span class='ocrx_word' id='word_1_270' title='bbox 197 2926 304 2999; x_wconf 90' lang='lat' dir='ltr'><strong>pararit</strong></span> <span class='ocrx_word' id='word_1_271' title='bbox 334 2933 363 2983; x_wconf 90' lang='lat' dir='ltr'><strong>et</strong></span> <span class='ocrx_word' id='word_1_272' title='bbox 389 2925 455 2985; x_wconf 90' lang='lat' dir='ltr'><strong>huic</strong></span> <span class='ocrx_word' id='word_1_273' title='bbox 483 2926 644 2987; x_wconf 85' lang='lat' dir='ltr'><strong>adhibuerit</strong></span> <span class='ocrx_word' id='word_1_274' title='bbox 668 2938 758 2988; x_wconf 89' lang='lat' dir='ltr'><strong>artem</strong></span> <span class='ocrx_word' id='word_1_275' title='bbox 784 2930 964 3006; x_wconf 88' lang='lat' dir='ltr'><strong>collocandi,</strong></span> <span class='ocrx_word' id='word_1_276' title='bbox 991 2931 1092 2992; x_wconf 92' lang='lat' dir='ltr'><strong>deinde</strong></span> <span class='ocrx_word' id='word_1_277' title='bbox 1118 2923 1174 2981; x_wconf 82' lang='lat' dir='ltr'><strong>laet</strong></span> 
     </span>
     <span class='ocr_line' id='line_1_34' title="bbox 198 3007 1173 3091; baseline 0.006 -29"><span class='ocrx_word' id='word_1_278' title='bbox 198 3007 289 3066; x_wconf 90' lang='lat' dir='ltr'><strong>omnia</strong></span> <span class='ocrx_word' id='word_1_279' title='bbox 306 3009 515 3068; x_wconf 82' lang='lat' dir='ltr'><strong>exercitatione</strong></span> <span class='ocrx_word' id='word_1_280' title='bbox 531 3010 652 3089; x_wconf 86' lang='lat' dir='ltr'><strong>plurima</strong></span> <span class='ocrx_word' id='word_1_281' title='bbox 668 3011 827 3090; x_wconf 90' lang='lat' dir='ltr'><strong>roborarit,</strong></span> <span class='ocrx_word' id='word_1_282' title='bbox 843 3023 873 3073; x_wconf 90' lang='lat' dir='ltr'><strong>ut</strong></span> <span class='ocrx_word' id='word_1_283' title='bbox 888 3031 1005 3091; x_wconf 86' lang='lat' dir='ltr'><strong>semper</strong></span> <span class='ocrx_word' id='word_1_284' title='bbox 1021 3017 1048 3074; x_wconf 90' lang='lat' dir='ltr'><strong>in</strong></span> <span class='ocrx_word' id='word_1_285' title='bbox 1063 3008 1173 3091; x_wconf 78' lang='lat' dir='ltr'><strong>promull</strong></span> 
     </span>
     <span class='ocr_line' id='line_1_35' title="bbox 154 3091 1173 3175; baseline 0.007 -30"><span class='ocrx_word' id='word_1_286' title='bbox 154 3091 253 3147; x_wconf 71' lang='lat' dir='ltr'><strong>29sint</strong></span> <span class='ocrx_word' id='word_1_287' title='bbox 276 3099 306 3149; x_wconf 87' lang='lat' dir='ltr'><strong>et</strong></span> <span class='ocrx_word' id='word_1_288' title='bbox 326 3100 391 3150; x_wconf 88' lang='lat' dir='ltr'><strong>ante</strong></span> <span class='ocrx_word' id='word_1_289' title='bbox 413 3092 525 3152; x_wconf 91' lang='lat' dir='ltr'><strong>oculos.</strong></span> <span class='ocrx_word' id='word_1_290' title='bbox 569 3092 698 3173; x_wconf 91' lang='lat' dir='ltr'><strong>Namque</strong></span> <span class='ocrx_word' id='word_1_291' title='bbox 719 3096 775 3156; x_wconf 93' lang='lat' dir='ltr'><strong>hoc</strong></span> <span class='ocrx_word' id='word_1_292' title='bbox 797 3099 844 3175; x_wconf 91' lang='lat' dir='ltr'><strong>qui</strong></span> <span class='ocrx_word' id='word_1_293' title='bbox 865 3098 989 3175; x_wconf 86' lang='lat' dir='ltr'><strong>lecerit,</strong></span> <span class='ocrx_word' id='word_1_294' title='bbox 1012 3100 1038 3158; x_wconf 91' lang='lat' dir='ltr'><strong>ei</strong></span> <span class='ocrx_word' id='word_1_295' title='bbox 1059 3111 1103 3154; x_wconf 89' lang='lat' dir='ltr'><strong>res</strong></span> <span class='ocrx_word' id='word_1_296' title='bbox 1125 3097 1173 3146; x_wconf 72' lang='grc'><strong>1111</strong></span> 
     </span>
     <span class='ocr_line' id='line_1_36' title="bbox 195 3173 1173 3260; baseline -0.005 -31"><span class='ocrx_word' id='word_1_297' title='bbox 195 3173 357 3232; x_wconf 89' lang='lat' dir='ltr'><strong>nominibus</strong></span> <span class='ocrx_word' id='word_1_298' title='bbox 378 3177 437 3234; x_wconf 88' lang='lat' dir='ltr'><strong>suis</strong></span> <span class='ocrx_word' id='word_1_299' title='bbox 458 3186 622 3236; x_wconf 89' lang='lat' dir='ltr'><strong>occurrent.</strong></span> <span class='ocrx_word' id='word_1_300' title='bbox 663 3181 721 3238; x_wconf 91' lang='lat' dir='ltr'><strong>Sed</strong></span> <span class='ocrx_word' id='word_1_301' title='bbox 738 3197 810 3257; x_wconf 92' lang='lat' dir='ltr'><strong>opus</strong></span> <span class='ocrx_word' id='word_1_302' title='bbox 827 3190 872 3240; x_wconf 87' lang='lat' dir='ltr'><strong>est</strong></span> <span class='ocrx_word' id='word_1_303' title='bbox 891 3182 985 3242; x_wconf 83' lang='lat' dir='ltr'><strong>studio</strong></span> <span class='ocrx_word' id='word_1_304' title='bbox 1002 3174 1173 3260; x_wconf 86' lang='lat' dir='ltr'><strong>praecedento</strong></span> 
     </span>
     <span class='ocr_line' id='line_1_37' title="bbox 197 3258 1172 3344; baseline 0.005 -28"><span class='ocrx_word' id='word_1_305' title='bbox 197 3264 226 3316; x_wconf 90' lang='lat' dir='ltr'><strong>et</strong></span> <span class='ocrx_word' id='word_1_306' title='bbox 241 3259 382 3335; x_wconf 89' lang='lat' dir='ltr'><strong>acquisita</strong></span> <span class='ocrx_word' id='word_1_307' title='bbox 398 3258 535 3319; x_wconf 79' lang='lat' dir='ltr'><strong>facultate</strong></span> <span class='ocrx_word' id='word_1_308' title='bbox 556 3269 585 3319; x_wconf 88' lang='lat' dir='ltr'><strong>et</strong></span> <span class='ocrx_word' id='word_1_309' title='bbox 606 3264 687 3338; x_wconf 90' lang='lat' dir='ltr'><strong>qnasi</strong></span> <span class='ocrx_word' id='word_1_310' title='bbox 708 3266 851 3341; x_wconf 78' lang='lat' dir='ltr'><strong>reposita·</strong></span> <span class='ocrx_word' id='word_1_311' title='bbox 883 3263 1014 3344; x_wconf 88' lang='lat' dir='ltr'><strong>Namque</strong></span> <span class='ocrx_word' id='word_1_312' title='bbox 1038 3267 1088 3322; x_wconf 89' lang='lat' dir='ltr'><strong>ista</strong></span> <span class='ocrx_word' id='word_1_313' title='bbox 1103 3265 1172 3344; x_wconf 65' lang='lat' dir='ltr'><strong>quae·</strong></span> 
     </span>
     <span class='ocr_line' id='line_1_38' title="bbox 196 3333 1171 3423; baseline -0.004 -27"><span class='ocrx_word' id='word_1_314' title='bbox 196 3338 293 3416; x_wconf 91' lang='lat' dir='ltr'><strong>rendi,</strong></span> <span class='ocrx_word' id='word_1_315' title='bbox 311 3341 468 3417; x_wconf 87' lang='lat' dir='ltr'><strong>iudicandi,</strong></span> <span class='ocrx_word' id='word_1_316' title='bbox 492 3346 676 3423; x_wconf 86' lang='lat' dir='ltr'><strong>comparandi</strong></span> <span class='ocrx_word' id='word_1_317' title='bbox 692 3348 839 3422; x_wconf 86' lang='lat' dir='ltr'><strong>anxietas,</strong></span> <span class='ocrx_word' id='word_1_318' title='bbox 862 3347 926 3407; x_wconf 92' lang='lat' dir='ltr'><strong>durn</strong></span> <span class='ocrx_word' id='word_1_319' title='bbox 943 3348 1088 3418; x_wconf 86' lang='lat' dir='ltr'><strong>discimus,</strong></span> <span class='ocrx_word' id='word_1_320' title='bbox 1109 3333 1171 3397; x_wconf 84' lang='lat' dir='ltr'><strong>adhr·</strong></span> 
     </span>
    </p>

    <p class='ocr_par' dir='ltr' id='par_1_5' title="bbox 122 3419 1171 3510">
     <span class='ocr_line' id='line_1_39' title="bbox 122 3419 1171 3510; baseline 0.002 -30"><span class='ocrx_word' id='word_1_321' title='bbox 122 3445 126 3452; x_wconf 62' lang='lat'><strong><em>¹</em></strong></span> <span class='ocrx_word' id='word_1_322' title='bbox 193 3420 288 3483; x_wconf 86' lang='lat' dir='ltr'><strong>henda</strong></span> <span class='ocrx_word' id='word_1_323' title='bbox 307 3433 441 3502; x_wconf 81' lang='lat' dir='ltr'><strong>est„non</strong></span> <span class='ocrx_word' id='word_1_324' title='bbox 457 3426 521 3486; x_wconf 92' lang='lat' dir='ltr'><strong>dum</strong></span> <span class='ocrx_word' id='word_1_325' title='bbox 536 3426 665 3488; x_wconf 90' lang='lat' dir='ltr'><strong>dicimus.</strong></span> <span class='ocrx_word' id='word_1_326' title='bbox 695 3428 813 3507; x_wconf 84' lang='lat' dir='ltr'><strong>Alioqui</strong></span> <span class='ocrx_word' id='word_1_327' title='bbox 828 3431 918 3506; x_wconf 89' lang='lat' dir='ltr'><strong>sicot,</strong></span> <span class='ocrx_word' id='word_1_328' title='bbox 935 3431 983 3508; x_wconf 91' lang='lat' dir='ltr'><strong>qni</strong></span> <span class='ocrx_word' id='word_1_329' title='bbox 998 3419 1171 3510; x_wconf 71' lang='lat' dir='ltr'><strong>patrimonium</strong></span> 
     </span>
    </p>
   </div>
   <div class='ocr_carea' id='block_1_3' title="bbox 0 0 1222 3956">
    <p class='ocr_par' dir='ltr' id='par_1_6' title="bbox 0 0 1222 3956">
     <span class='ocr_line' id='line_1_40' title="bbox 0 0 1222 3956; baseline 0 1"><span class='ocrx_word' id='word_1_330' title='bbox 0 0 1222 3956; x_wconf 95' lang='lat' dir='ltr'><strong> </strong></span> 
     </span>
    </p>
   </div>
  </div>
 </body>
</html>
