2470 3962
339 231 808 301 rnsr.onnron.n1n.x11,11.
965 297 968 304 ,
990 221 1062 292 ι277
1151 181 1155 196 ¹

53 391 164 452 simum
181 389 282 449 studiis
299 388 406 464 dicam,
431 387 497 466 quid
514 389 613 446 attinet
630 397 687 448 tam
702 388 797 448 multis
815 391 910 465 annis,
935 407 1019 468 quam
1033 391 1061 450 in

52 491 144 534 more
162 481 207 533 est
221 471 407 552 plurimorum
423 473 469 550 (ut
484 471 520 530 de
537 470 591 548 his,
609 489 624 531 a
641 470 743 549 quibus
758 489 861 549 magna
877 473 907 532 in
921 472 978 533 hoc
992 492 1061 552 pars

52 557 168 618 aetatis
183 554 354 631 absumitur,
375 555 502 634 taceam)
522 554 707 614 declamitare
729 556 758 614 in
779 557 880 616 schola
903 565 933 617 et
954 566 1061 619 tantum

54 641 174 702 laboris
187 641 216 698 in
230 638 318 699 rebus
336 638 417 698 falsis
433 654 620 714 consumere,
645 657 708 698 cum
723 642 792 699 satis
808 641 844 700 sit
858 639 973 699 modico
990 650 1060 700 tem·

54 741 138 804 pore
154 724 306 800 imaginem
320 723 383 782 veri
399 721 568 782 discriminis
585 730 614 780 et
630 721 743 781 dicendi
759 722 843 799 leges
860 719 1079 801 comperissel'

55 807 149 886 Quod
164 822 222 865 non
242 806 325 880 dico,
349 806 415 883 quia
436 807 472 863 sit
489 822 615 882 unquam
640 806 794 866 omittenda
810 805 924 866 dicendi
947 809 1060 882 cuerci·¹
1071 824 1101 878 15
1153 833 1155 840 v

54 892 151 965 tatio,
174 889 226 948 sed
249 891 314 967 quia
337 905 394 947 non
412 889 440 946 in
463 905 518 948 una
533 891 570 947 sit
588 889 650 948 eius
666 889 766 967 specle
783 890 1059 950 consenescendum.

56 971 255 1050 Cognoscere
278 980 308 1030 et
325 981 483 1051 praecepta
509 971 625 1032 vivendi
649 972 819 1050 perdiscere
836 982 864 1033 et
879 974 907 1032 in
925 974 990 1033 foro
1006 991 1060 1034 nos

56 1057 192 1136 experiri
214 1056 374 1133 potuimus,
401 1053 466 1114 dum
490 1054 656 1115 scholastici
680 1074 785 1114 sumus.
822 1055 961 1117 Discendi
986 1059 1060 1118 ratio

58 1141 143 1216 talis,
160 1147 191 1199 ut
206 1156 263 1198 non
277 1138 383 1198 multos
400 1155 490 1198 annos
506 1147 617 1217 poscat.
648 1137 801 1212 Quaelibet
820 1141 894 1199 enim
910 1158 948 1200 ex
965 1142 999 1199 iis
1016 1159 1059 1200 ar·
1086 1165 1089 1170 ’

57 1224 155 1299 tibus,
177 1240 295 1301 quarum
318 1220 404 1281 habui
427 1224 616 1296 mentionem,
640 1223 669 1279 in
692 1239 801 1300 paucos
823 1223 915 1282 libros
930 1224 1061 1284 contrahi

58 1306 154 1373 solet3
178 1307 252 1366 adeo
271 1323 330 1365 non
347 1313 391 1364 est
407 1305 516 1364 infinito
534 1307 628 1383 spatio
645 1322 679 1363 ao
694 1306 846 1366 traditione
864 1322 948 1384 opus.
981 1307 1059 1366 Reli·

59 1408 118 1470 qua
135 1399 189 1467 est,
207 1407 282 1469 quac
297 1389 377 1448 vires
392 1389 449 1448 cito
465 1388 551 1464 lacit,
569 1406 632 1448 cum
648 1388 727 1463 iecit,
745 1398 850 1464 tuetur,
867 1391 1058 1450 consuetudo.

59 1474 169 1534 Rerum
191 1474 317 1550 cognitio
344 1471 450 1532 cotidie
475 1471 597 1548 crescit,
627 1479 657 1532 et
683 1479 778 1532 tamen
803 1491 887 1552 quam
908 1474 1102 1537 multorumlt

8 1573 9 1578 ’
59 1559 97 1618 ad
127 1574 189 1617 eam
211 1557 349 1616 librorum
373 1557 542 1616 necessaria
568 1555 657 1615 lectio
678 1564 739 1631 est,
767 1555 870 1635 quibus
896 1565 944 1616 aut
963 1575 1060 1617 rerum
1160 1583 1164 1602 ·

60 1641 196 1719 exempla
223 1639 259 1699 ab
283 1638 430 1699 historicis
452 1647 500 1699 aut
520 1639 633 1700 dicendi
660 1639 696 1699 ab
721 1639 885 1700 oratoribus
906 1639 1060 1719 petunturl

59 1723 303 1802 Philosophorum
315 1739 432 1802 quoque
444 1721 699 1800 consultorumque
714 1725 876 1802 opiniones,
893 1725 977 1784 sicuti
993 1724 1059 1800 alia,

7 1853 8 1862 ,
60 1807 184 1867 velimus
200 1807 313 1884 legere,
328 1824 395 1882 nec,
413 1805 490 1884 quod
505 1805 619 1885 quidem
635 1813 744 1882 potest,
761 1808 864 1870 omnia.
895 1805 953 1866 Sed
968 1806 1059 1865 breve

7 1935 8 1940 η
60 1889 147 1950 nobis
164 1899 276 1968 tempus
293 1907 348 1949 nos
369 1890 499 1949 iacimus.
537 1887 708 1962 Quantulum
729 1892 802 1950 enlm
819 1889 919 1950 studiis
935 1891 1060 1967 imparti-
1070 1899 1102 1952 18

61 1971 145 2034 muri
177 1973 259 2034 Alias
276 1973 364 2034 horas
380 1990 470 2034 vanus
487 1971 627 2032 salutandi
643 1971 738 2049 labor,
749 1973 829 2053 alias
844 1973 939 2033 datum
953 1971 1059 2032 fabulis

61 2059 166 2133 otium,
191 2057 261 2116 alias
285 2055 469 2136 spectacula,
496 2054 567 2115 allas
586 2056 717 2116 convivia
732 2056 855 2117 trahunt.
890 2054 994 2117 Adiicc
1017 2063 1061 2115 tot

7 2177 8 2220 3
27 2171 31 2174 ·
61 2159 171 2220 genera
187 2140 303 2201 ludendi
319 2150 349 2200 et
363 2142 493 2206 insanam
508 2141 640 2218 corporis
658 2155 769 2208 curam:
785 2138 878 2200 trahat
894 2139 959 2199 inde
975 2157 1059 2218 pere·

7 2275 9 2282 .
62 2226 201 2302 grinatio,
217 2241 299 2301 rura,
321 2222 498 2284 calculorum
513 2224 616 2283 anxiae
632 2223 853 2299 sollicitudines,
863 2223 976 2282 ‘multae
994 2240 1059 2284 cau·

8 2361 9 2366 ,
61 2326 114 2368 sae
134 2306 279 2367 libidinum
301 2317 329 2368 et
350 2309 446 2367 vinum
468 2315 497 2366 et
518 2306 677 2384 flagitiosus
700 2309 775 2366 omni
795 2307 906 2384 gener'e
922 2307 1060 2384 *volupta-

8 2419 9 2422 ¹
61 2401 120 2451 tum
134 2394 257 2459 animus;
281 2409 318 2451 ne
338 2409 374 2452 ea
390 2391 503 2470 quidem
517 2399 649 2470 tempora
663 2391 784 2467 idonea,
802 2407 883 2470 quae„
894 2398 1058 2469 supersunt.

7 2489 9 2532 t
63 2474 145 2548 Quae
161 2477 184 2534 si
201 2476 294 2536 omnia
310 2475 411 2535 studiis
428 2476 677 2556 impenderentur:
701 2475 756 2534 iam
771 2473 961 2551 nobis-longa
977 2481 1102 2535 aetas19

7 2563 8 2572 ’
64 2568 93 2619 et
118 2558 229 2619 abunde
251 2560 321 2619 satis
346 2558 382 2619 ad
405 2557 573 2619 discendum
595 2559 687 2636 spatia
710 2557 876 2617 viderentur
896 2557 1060 2616 v'eldiurna
1140 2603 1144 2606 .
1225 2597 1227 2606 ι

7 2653 9 2676 t
63 2651 169 2703 tantum
185 2641 416 2721 computantibus
430 2650 575 2718 tempora;
591 2650 621 2700 ut
636 2640 705 2700 nihil
721 2649 835 2715 noctes,
850 2657 968 2719 quarum
983 2638 1061 2698 bona

7 2779 8 2794 ,
63 2744 131 2804 pars
146 2727 222 2787 omni
238 2741 339 2785 somno
357 2723 472 2801 longior
488 2731 542 2799 est,
559 2722 735 2783 adiuvarent.
765 2721 848 2783 Nunc
864 2731 1060 2800 computamus

7 2813 9 2882 l
65 2826 170 2885 annos,
189 2825 247 2867 non
262 2808 365 2886 quibus
381 2807 537 2867 studuimus
553 2807 605 2866 sed
621 2805 725 2885 quibus
741 2807 873 2865 viximus.
905 2804 969 2866 Nec
985 2815 1100 2871 veroid

7 2891 9 2968 ἓ
65 2893 90 2952 si
104 2900 272 2968 geometrae
289 2901 318 2951 et
331 2891 507 2970 grammatici
523 2899 743 2966 ceterarumque
759 2890 858 2949 artium
873 2889 1060 2967 professores
1132 2894 1136 2903 “

7 2971 9 3034 ἑ
66 2991 177 3034 omnem
193 2976 390 3050 suam-vitam,
414 2972 572 3053 quamlibet
593 2973 680 3050 longa
695 2972 797 3049 luerit,
815 2973 843 3031 in
859 2972 978 3050 singulis
994 2974 1060 3032 arti·

7 3054 27 3098 ³*
66 3057 119 3116 bus
146 3067 398 3135 consumpserunt,
428 3059 558 3136 sequitur
583 3065 614 3116 ut
640 3057 738 3135 plures
764 3054 901 3134 quasdam
926 3057 1000 3115 vitas
1023 3056 1060 3115 ad
1140 3092 1143 3101 -

7 3137 9 3178 t
67 3141 147 3222 plura
162 3139 300 3200 discenda
316 3141 524 3202 desideremus.
550 3139 654 3219 Neque
670 3141 745 3200 enim
759 3139 800 3199 illi
815 3140 975 3200 didicerunt
986 3140 1060 3198 haec

67 3241 157 3302 usque
181 3225 209 3283 in
225 3233 403 3285 senectutem
425 3223 478 3284 sed
502 3242 537 3284 ea
560 3225 623 3284 sola
639 3224 775 3285 didicisse
798 3224 925 3284 contenti
945 3223 1060 3282 inerunt

7 3305 8 3326 *
68 3325 102 3368 ac
117 3317 157 3368 tot
172 3325 262 3370 annos
278 3310 306 3368 in
324 3307 429 3368 utendo
448 3324 503 3367 non
521 3310 549 3367 in
565 3306 756 3387 percipiendo
776 3307 981 3368 exhauserunt.

7 3443 9 3466 ,
150 3389 294 3468 Ceterum,
310 3402 341 3452 ut
356 3391 392 3452 de
405 3391 531 3452 Homero
544 3401 668 3466 taceam,
685 3391 712 3450 in
728 3408 784 3470 quo
800 3391 905 3450 nullius
919 3406 977 3449 non
993 3387 1102 3453 artistl

7 3481 10 3538 l
68 3483 114 3536 aut
129 3493 218 3555 opera
235 3477 367 3555 perlecta
384 3485 431 3536 aut
455 3484 536 3536 certe
551 3491 609 3536 non
624 3473 708 3536 dubia
723 3475 847 3553 vestigia
861 3475 1058 3554 reperiuntur;

1212 3577 1227 3613 A
