2444 3972
286 179 292 186 '
338 175 756 260 1nsn.onnnon.n1n.l,5.
1010 181 1050 245 23

64 349 213 424 emendata,
232 357 262 410 nt
278 346 417 423 dilucida,
434 356 465 406 nt
480 355 580 408 ornata
598 347 635 408 sit
654 349 737 426 (quia
753 349 852 410 dicere
869 359 953 429 apte,
973 351 1050 429 quod

26 454 27 457 ’
64 433 310 518 estpraecipuum,
334 431 467 510 plerique
488 434 601 493 ornatui
622 432 807 513 subiiciunt);
829 435 949 494 totidem
969 437 1049 511 vitia,

64 537 126 596 qnae
151 525 216 578 sunt
242 534 330 595 supra
355 517 438 577 dictis
465 518 623 577 contraria:
658 519 846 579 emendate
871 518 1050 597 loquendi

62 603 191 680 regulam,
214 617 289 682 quae
308 601 510 678 grammatices
528 601 609 678 prior
627 619 695 679 pars
714 611 774 679 est,
794 604 947 662 examinet.
971 602 1078 665 Haece

62 689 173 764 exigitur
192 684 290 745 verbis
314 693 362 744 aut
383 683 504 761 singulis
527 694 575 744 aut
596 683 737 763 pluribus.
781 684 884 748 Verba
902 705 977 748 nunc
998 706 1051 765 ge·

61 770 185 831 neraliter
208 769 303 846 accipi
329 767 416 845 volo,
442 786 507 828 nam
534 768 644 847 duplex
671 787 771 830 eorum
793 770 962 831 intellectus
991 783 1050 840 est:

62 855 137 930 alter,
156 856 204 932 qni
222 854 316 913 omnia
332 871 387 931 per
403 870 477 932 quae
492 869 589 914 sermo
608 853 733 914 nectitur
748 855 909 932 significat,
927 864 958 914 ut
976 856 1053 935 apud

61 938 205 999 Horatium:
227 938 385 1016 verboque
401 935 559 1017 precisum
580 957 646 1000 rem
666 957 727 1000 non
747 940 845 1001 invita
864 949 1052 1018 sequentum·

62 1022 137 1098 alter,
157 1024 186 1082 in
208 1037 266 1102 quo
291 1031 336 1082 est
358 1039 413 1082 nna
435 1040 503 1101 pars
527 1023 681 1098 orationis,
703 1024 786 1100 lopo,
805 1025 917 1086 scribo.
960 1023 1052 1096 Quam
1104 1075 1106 1079 ,

61 1109 168 1167 vitantes
185 1105 401 1184 ambiguitatem
422 1107 535 1185 qnidam
554 1106 652 1166 dicere
667 1107 829 1167 maluerunt
841 1126 949 1183 cocco,
968 1109 1051 1170 loco·

64 1193 159 1268 tiones,
184 1193 344 1252 dictiones.
390 1190 511 1268 Singula
532 1200 597 1250 sunt
618 1199 666 1250 aut
692 1200 791 1252 nostra
815 1201 863 1252 aut
884 1193 1079 1270 peregrinae

63 1285 101 1334 aut
119 1275 258 1354 simplicia
278 1282 327 1334 ant
349 1276 525 1354 compositu,
548 1284 596 1334 aut
617 1277 736 1354 propria
759 1284 807 1335 ant
827 1275 981 1350 translata,
1004 1285 1053 1336 aut

62 1361 151 1419 usitata
168 1368 216 1418 aut
237 1359 315 1418 licta.
652 1397 653 1400 =

131 1443 184 1504 Uni
201 1443 296 1503 verbo
312 1443 411 1502 vitium
426 1444 542 1521 saepius
560 1459 644 1520 quam
659 1444 749 1503 virtus
766 1444 851 1504 inest.
881 1443 963 1504 Licet
979 1445 1053 1504 enim

64 1525 171 1587 dicamus
188 1526 300 1627 aliquid
316 1528 480 1605 proprium,
503 1528 685 1606 speciosum,
708 1526 845 1587 sublime:
866 1527 937 1587 nilnil
957 1537 1053 1587 tamen

65 1608 148 1670 lomm
168 1613 224 1671 nisi
252 1613 282 1671 in
305 1609 460 1688 complexu
485 1610 623 1689 loquendi
649 1613 786 1690 serieque
809 1613 963 1690 contingit3
991 1611 1052 1672 lau-

68 1691 145 1752 damus
161 1697 237 1755 enirn
254 1693 346 1756 verba
361 1693 450 1754 rebus
466 1694 541 1755 bene
557 1696 782 1757 accommodata.
815 1695 886 1756 Solu
902 1703 957 1772 est,
979 1700 1078 1774 quael

70 1781 140 1838 notari
161 1781 257 1858 possit
278 1779 359 1839 velut
380 1781 548 1856 vocalitas,
577 1797 652 1857 quae
673 1769 806 1858 εὖφωνια
827 1780 944 1848 dicitur;
971 1781 1053 1839 ouius

68 1860 89 1918 iu
106 1879 134 1922 eo
156 1864 292 1925 delectus
314 1871 373 1940 est,
398 1872 428 1923 ut
446 1865 522 1923 inter
541 1862 613 1938 duo,
639 1879 713 1940 quae
735 1863 811 1923 idem
832 1863 997 1939 significant
1019 1880 1053 1923 ac

66 1947 209 2007 tanmndem
227 1947 343 2022 valent,
367 1948 445 2024 quod
466 1945 569 2008 melius
588 1956 688 2023 sonet,
711 1947 803 2007 malis.

133 2031 224 2092 Prima
251 2030 472 2092 barbarismi
501 2049 536 2092 ao
566 2030 779 2091 soloecismi
811 2031 936 2092 loeditos
967 2031 1079 2092 absitt

66 2113 112 2174 Sed
137 2117 200 2194 quia
227 2117 343 2176 interim
371 2124 547 2175 excusantur
570 2113 644 2174 baec
666 2117 735 2175 vitia
764 2124 812 2175 aut
843 2115 1053 2176 consuetudine

66 2207 102 2257 aut
114 2202 284 2261 anctoritate
301 2209 349 2260 ant
363 2208 509 2259 vetustate
525 2208 573 2259 aut
589 2198 714 2278 deniqne
731 2201 881 2259 vicinitate
901 2201 1052 2267 virtutum;

67 2297 116 2341 nam
132 2301 219 2364 saepe
244 2302 261 2344 a
283 2283 382 2361 liguris
403 2300 438 2344 ea
463 2301 602 2362 separare
621 2281 742 2343 difficile
764 2292 825 2342 est:
856 2301 892 2342 ne
917 2299 973 2360 qua
997 2291 1053 2342 tana

66 2362 158 2427 lubrica
174 2368 343 2428 observatio
360 2366 459 2443 lullat,
483 2370 590 2428 acriter
609 2384 642 2425 se
662 2368 691 2426 iu
704 2365 777 2427 illud
793 2375 879 2426 tenue
900 2365 1055 2426 discrimen

67 2454 250 2524 gnnmaticus
267 2449 404 2528 intendat,
422 2451 458 2510 de
474 2469 530 2530 qno
546 2467 600 2510 nos
616 2450 700 2510 latius
715 2449 755 2510 ibi
771 2449 938 2529 loquemur,
953 2450 1002 2510 nbi
1018 2451 1054 2512 de

68 2530 149 2607 figuris
165 2536 305 2596 orationis
323 2535 502 2595 tractandum
517 2537 593 2600 erit„
614 2533 731 2602 Interim
748 2534 863 2611 vitium,
888 2535 965 2613 qnod
981 2535 1012 2594 fit
1025 2538 1079 2598 ind

67 2616 170 2692 singulis
190 2619 307 2695 verbis,
336 2620 373 2678 sit
393 2617 652 2678 barbarismus.
699 2615 842 2678 Occurrat
865 2617 932 2678 mihi
954 2618 1055 2679 lorsan

68 2696 163 2779 aliquis,
177 2705 253 2781 quid
264 2705 314 2764 bic
325 2705 495 2781 promissor
507 2705 575 2763 tanti
588 2704 686 2781 operis
699 2703 846 2782 dipnum?
861 2712 909 2763 aut
922 2705 985 2781 quis
997 2703 1055 2763 hoc

67 2788 158 2862 nescit,
180 2788 255 2847 alios
270 2786 465 2848 barbarismos
484 2787 639 2847 scribendo
658 2786 721 2846 fieri
741 2787 815 2846 alios
833 2786 994 2864 loquendo;
1013 2819 1056 2836 —e

69 2869 136 2945 quia,
167 2872 244 2948 quod
267 2871 342 2931 male
368 2870 523 2946 scribitur,
551 2871 626 2931 male
654 2872 739 2930 etiam
761 2870 818 2930 dici
845 2888 969 2930 necesse
993 2880 1053 2940 est;

70 2965 129 3047 quae
144 2957 248 3016 vitiose
266 2939 391 3031 dixeris,
413 2972 471 3015 non
488 2957 589 3033 utique
608 2963 637 3015 et
653 2957 763 3032 scripto
781 2963 964 3033 peccant-
921 2954 1056 3016 -illud

68 3035 134 3108 unus
153 3039 332 3117 adiectione,
354 3039 552 3115 detractione,
572 3040 784 3115 immutatione,
805 3042 1053 3114 transmutatione,

69 3113 96 3172 l
128 3125 278 3198 secundum
293 3123 446 3198 divisione,
464 3124 679 3202 complexione,
696 3123 884 3223 aspiratione,
899 3140 972 3184 sono
986 3139 1054 3182 oon·

69 3201 159 3264 li?
195 3207 254 3267 Sed
277 3217 307 3266 ut
325 3227 414 3286 parva
437 3209 493 3268 sint
511 3210 600 3271 haec:
623 3209 706 3286 pueri
729 3208 871 3268 docentur
893 3207 1000 3281 adlrno,
1026 3214 1079 3269 ιιι

72 3299 76 3353 t
128 3291 254 3351 lunaticos
282 3291 371 3352 oflicii
399 3293 443 3352 sni
471 3309 694 3355 commonemus.
740 3290 786 3351 Ex
814 3291 916 3370 quihus
940 3293 964 3349 si
990 3292 1054 3368 quis

73 3372 213 3449 plane
232 3376 378 3455 impolitus
398 3386 427 3436 et
447 3378 622 3439 vestibulum
644 3375 729 3435 modo
751 3377 820 3434 artis
840 3375 951 3434 huius
942 3392 1055 3452 mgres·

74 3467 76 3482 ·
144 3455 213 3518 intra
236 3459 325 3538 haec,
349 3478 423 3539 quoe
444 3463 639 3542 profitentium
667 3457 911 3520 commentariolis
936 3459 1055 3536 vulgata
