2444 3972
329 211 758 282 snsr.onanon.n1o.11,4.
1003 203 1044 266 65

62 379 146 431 natura
160 373 302 431 minimam
317 371 381 450 spei
396 371 526 447 dederit,
549 371 577 428 in
599 389 656 450 qua
671 372 816 449 ingenium
832 372 938 432 iudicio
959 391 1043 452 prae-

62 457 172 515 sumitur.
219 454 369 516 Materiam
396 468 463 514 esse
489 456 610 532 primam
636 455 706 515 volo
732 455 782 515 vel
807 456 1044 518 abundantiorem

61 548 133 617 atque
149 539 223 600 ultra
246 557 329 620 qaam
351 556 369 599 o
393 548 487 599 orteat
510 535 612 599 ineam.
645 538 764 599 Multum
787 541 853 602 inde
877 541 1045 621 decoquent

60 623 125 700 anni,
143 624 261 684 multum
275 625 349 685 ratio
368 557 492 700 dmabit,
510 622 618 703 aliquid
633 623 714 684 velut
728 642 782 684 usu
799 625 864 702 ipso
883 625 1042 701 deteratur,

60 708 88 765 sit
100 708 179 768 modo
194 708 270 768 unde
286 707 382 768 excidi
399 707 492 788 possit
508 716 537 766 ει
555 707 633 787 quod
655 708 788 787 exculpi;
814 710 869 770 erit
884 719 994 786 autem,
1019 711 1043 769 si

60 807 105 851 non
123 791 157 851 ab
176 793 257 852 initio
279 801 395 852 tenuem
419 793 535 851 nimium
557 791 689 852 laminam
716 792 881 852 duxerimus
907 803 936 854 et
960 811 1044 873 qoam

60 875 188 936 caelatura
211 877 297 936 altior
317 885 440 957 rumpat.
480 874 565 949 Quod
589 893 635 934 me
651 875 688 935 de
710 875 755 936 bis
771 877 914 937 aetatibus
934 879 1070 943 sentirett

59 959 133 1018 mirus
147 961 310 1036 mirabitur,
328 960 378 1040 qui
395 959 471 1038 apud
487 957 661 1020 Ciceronem
676 959 800 1038 legerit:
820 959 893 1023 Volo
914 964 993 1026 maim
1010 981 1045 1024 sc

58 1043 148 1125 effect
163 1047 196 1106 s'n
217 1046 414 1107 adolescente
430 1043 618 1123 fecunditas.

127 1127 313 1208 Quapropter
333 1128 361 1188 in
382 1129 481 1208 primis
497 1128 648 1188 evitandus
671 1139 699 1189 et
720 1132 749 1188 in
766 1131 865 1210 pueris
883 1131 1043 1209 praecipue

57 1211 177 1288 magister
193 1212 308 1290 aridus,
332 1229 389 1271 non
406 1213 498 1272 minua
517 1229 602 1291 quam
616 1215 725 1273 teneris
741 1215 834 1274 adbuc
856 1215 962 1292 plantis
986 1215 1042 1274 sic-

58 1311 109 1352 eum
123 1306 149 1355 et
163 1297 226 1356 sine
242 1296 363 1357 humore
379 1295 439 1356 ullo
457 1296 561 1356 solum.
577 1295 662 1357 -Inde
677 1298 747 1358 bunt
761 1297 884 1358 humiles
902 1298 998 1358 statim
1014 1301 1069 1357 et9

58 1377 239 1441 aelntterram
262 1388 449 1460 spectantes,
472 1383 521 1460 qni
542 1380 611 1440 nibil
630 1397 717 1460 snpra
740 1383 914 1443 cotidianum
932 1398 1042 1442 sermo·

58 1478 108 1521 nam
128 1465 264 1525 attollere
289 1465 422 1525 audeant.
458 1463 567 1524 Macies
591 1465 649 1525 illis
672 1483 726 1545 pro
749 1467 872 1527 sanitate
892 1476 922 1526 et
946 1465 1042 1526 iudicii

58 1544 110 1606 loco
124 1549 273 1608 infirmitas
290 1557 351 1625 εει,
374 1557 403 1608 et
425 1549 490 1608 dnm
513 1550 583 1608 satis
601 1558 702 1627 putant
723 1551 793 1610 vitio
816 1568 935 1625 carere,
962 1551 990 1608 in
1013 1549 1041 1610 id

58 1629 131 1706 ipsam
150 1633 280 1693 incidunt
299 1633 415 1708 vitium,
437 1633 515 1711 quod
535 1633 688 1694 virtutibus
710 1643 818 1695 carent.
852 1633 950 1708 Quare
973 1633 1041 1694 mihi

61 1718 237 1777 aenatoritas
260 1717 376 1796 quidem
391 1717 454 1794 ipsa
470 1717 607 1793 festinet,
631 1735 687 1777 nec
705 1728 797 1780 musta
812 1720 841 1777 in
862 1718 928 1779 laon
945 1719 1041 1778 statim

62 1807 151 1860 austera
166 1800 243 1869 sint;
262 1802 305 1860 sic
323 1810 352 1860 et
367 1817 458 1861 annos
474 1801 570 1860 ferent
586 1810 615 1860 et
629 1810 775 1862 vetustate
791 1803 955 1880 proliqient.

122 1883 182 1944 Nec
197 1884 272 1945 illud
290 1885 406 1964 quidem
422 1885 500 1964 quod
517 1884 722 1944 admoneamus
745 1887 891 1963 indignum
914 1895 977 1961 est,
1000 1887 1040 1944 in·
1051 1891 1085 1942 10

56 1967 124 2040 genia
137 1986 296 2046 puerorum
316 1969 401 2028 nimia
422 1969 535 2028 interim
556 1968 766 2029 emendationis
789 1971 949 2040 severitate
970 1969 1041 2030 defi·

57 2065 124 2118 cere:
144 2071 207 2112 nam
225 2061 258 2112 et
280 2052 438 2132 desperant
456 2061 485 2112 et
505 2051 607 2113 dolent
630 2061 660 2112 et
679 2055 837 2114 novissime
857 2053 981 2113 oderunt
999 2061 1039 2130 et,

56 2135 117 2209 quod
130 2137 254 2197 maxime
266 2145 365 2213 nocet,
385 2137 450 2196 dum
462 2137 557 2197 omnia
572 2139 683 2213 timent,
700 2137 769 2199 nibil
783 2147 931 2198 conantur.
955 2135 1041 2210 Quod
1049 2144 1081 2196 11

56 2218 124 2278 etiam
144 2221 262 2281 rusticis
285 2229 381 2280 nouum
405 2229 467 2297 est,
490 2222 538 2300 qui
555 2220 706 2281 frondibus
728 2224 838 2282 teneris
862 2238 921 2280 non
940 2229 1041 2299 putant

56 2299 229 2365 adhibendam
247 2323 315 2364 esse
335 2305 458 2381 falcem,
483 2306 549 2385 quia
570 2303 763 2365 reformidare
778 2306 886 2365 ferrum
907 2303 1041 2363 videntur

57 2391 78 2440 et
93 2388 210 2448 nondum
230 2389 399 2450 cicatricem
419 2389 478 2467 pati
502 2405 602 2468 posse.
644 2388 789 2450 lucundus
811 2397 884 2466 ergo
907 2397 965 2448 tum
980 2405 1039 2448 ma·
1049 2394 1083 2448 la

56 2466 115 2528 nme
130 2471 217 2532 debet
239 2487 307 2532 esse
328 2481 523 2551 praeceptor,
544 2481 575 2532 ut
598 2473 744 2549 remedia,
769 2489 843 2552 qnae
867 2473 975 2550 alioqui
991 2490 1039 2532 na·

57 2556 105 2612 tura
118 2565 180 2616 anot
195 2573 314 2636 aspera,
331 2555 411 2617 molli
426 2574 510 2616 manu
526 2557 682 2625 leniantur;
700 2557 820 2617 laudare
836 2557 943 2636 aliqua,
960 2556 1039 2615 ferre

57 2639 193 2716 quaedam,
218 2648 331 2700 mutare
348 2641 452 2716 etlam,
474 2641 587 2701 reddita
606 2656 658 2700 our
672 2641 701 2702 id
717 2641 766 2700 liat
783 2641 912 2716 ratione,
934 2639 1039 2699 illumi·

57 2734 111 2780 nare
136 2724 351 2804 interponendo
372 2725 481 2802 aliquid
503 2725 557 2783 sui.
608 2723 818 2805 Nonnunquam
839 2724 897 2785 hoc
920 2741 1038 2803 quoque

58 2804 99 2862 erit
110 2808 187 2886 utile,
203 2810 300 2890 ipsum
315 2817 392 2869 totas
407 2808 518 2869 dictare
530 2809 676 2885 materias,
694 2825 766 2887 quas
782 2817 811 2868 et
825 2809 952 2867 imitetur
965 2825 1041 2886 puer

58 2893 79 2943 et
90 2888 193 2952 interim
208 2901 345 2972 tanquam
362 2906 430 2952 suas
448 2900 532 2952 amet.
572 2891 609 2952 lit
626 2895 651 2952 si
667 2901 725 2952 tam
741 2892 896 2971 negligens
912 2893 940 2951 ei
955 2891 1038 2951 stilus
1047 2896 1088 2950 13-

58 2965 142 3054 luerit,
167 2986 197 3036 ut
219 2977 452 3038 emendationem
474 2994 531 3036 non
552 2977 691 3054 recipiat:
720 2985 860 3055 expertus
882 2993 944 3036 sum
970 2992 1038 3054 pro·

57 3049 143 3133 lesse,
172 3063 308 3139 quotiens
337 3061 459 3121 eandem
482 3060 630 3122 materiam
656 3077 756 3120 rursus
780 3079 796 3121 a
820 3079 866 3121 me
888 3069 1039 3120 tractatam

54 3133 168 3206 is—nsere
184 3145 220 3205 de
237 3147 352 3223 integro
371 3144 517 3220 iuberem,
541 3161 632 3224 pocae
653 3146 732 3206 enim
759 3163 827 3206 eum
849 3145 955 3206 adbuc
975 3163 1038 3204 me-

51 3215 76 3318 tt
112 3248 120 3291 ι
136 3237 276 3306 quatenus
291 3228 372 3288 nullo
388 3230 479 3306 magis
496 3230 589 3289 studia
606 3247 691 3308 quam
706 3246 761 3308 spe
775 3230 913 3306 gandent.
943 3227 1039 3286 Aliter
1047 3231 1085 3286 14

51 3319 76 3384 pt
112 3311 203 3372 maiia
219 3322 300 3374 aetas
319 3313 498 3374 emendanda
517 3322 573 3389 est,
592 3322 621 3372 et
638 3330 691 3392 pro
709 3313 796 3374 modo
811 3313 914 3374 virium
930 3319 960 3370 ει
976 3310 1037 3369 exi·

55 3403 76 3461 gt
108 3392 163 3454 lam
185 3406 214 3456 et
230 3398 434 3476 corrigendum
450 3414 534 3475 opus.
572 3392 711 3458 Solebam
734 3414 791 3474 ego
814 3398 915 3457 dicere
937 3394 1037 3474 pueris

56 3467 76 3530 d
108 3478 147 3539 ”id
161 3482 237 3541 ausis
253 3481 388 3543 licentius
405 3490 453 3543 aut
468 3481 588 3560 laetius,
606 3482 739 3545 laudare
755 3483 834 3543 illud
852 3497 902 3624 gae
922 3478 1038 3554 adbuc,

123 3582 144 3620 r.
158 3583 268 3634 omnam
730 3625 732 3632 2
