2494 3952
194 195 254 262 tua
509 210 546 256 m.
558 207 636 255 sas.
653 205 874 268 ouuurrursnr

189 362 405 442 Euripides,
434 379 555 440 quorum
580 361 610 420 in
632 360 739 440 dispari
758 359 873 424 dicendi
890 361 937 418 via
956 368 1018 424 nter
1038 361 1072 418 sit
1094 367 1176 438 poeta

188 448 308 522 melior,
331 447 405 504 inter
421 444 559 524 plurimos
576 445 731 522 quaeritur.
767 442 858 522 idque
876 460 933 520 ego
950 461 1033 518 sane,
1054 445 1178 520 qnoniam

190 529 225 591 ad
244 537 426 608 praesentem
439 529 586 588 materiam
601 526 670 586 nihil
685 526 828 607 pertinet,
850 526 1030 587 iniudicatum
1043 526 1178 602 relinquo.

190 613 265 674 lllud
280 612 395 692 quidem
409 628 494 674 nemo
509 627 566 670 non
583 611 707 670 fateatur
726 627 851 670 necesse
875 617 937 684 est,
954 610 1005 685 iis,
1029 611 1075 686 qui
1097 627 1129 669 se
1148 607 1183 668 ad

138 696 333 774 {sugendum
350 703 534 774 comparant,
555 692 700 753 utiliorem
714 692 804 769 longe
828 693 892 753 lore
909 691 1074 772 Euripiden.
1104 691 1173 750 Nam

190 797 246 858 que
262 778 287 839 is
305 787 334 839 et
348 795 483 840 sermone
496 776 590 856 (quod
601 777 694 854 ipsum
705 775 930 854 reprehendunt,
950 774 1051 855 quibus
1063 777 1185 852 gravitas

190 871 219 923 et
235 862 390 923 cothurnus
406 869 436 922 et
451 877 539 921 sonus
555 859 712 937 Sophoclis
727 858 841 919 videtur
858 867 929 919 esse·
943 858 1111 939 sublimior)
1132 875 1185 916 ma·

189 947 236 1023 gis
252 944 364 1007 accedit
380 945 508 1005 oratorio
520 944 622 1020 generi
634 951 663 1002 et
675 944 826 1002 sententiis
841 943 947 1002 densus
969 952 998 1001 et
1015 945 1044 1002 in
1055 943 1100 1017 iis,
1117 959 1200 1020 quae-

189 1045 207 1088 a
227 1025 404 1106 sapientibus
420 1027 522 1088 tradita
538 1035 613 1103 sunt,
629 1045 723 1106 paene
738 1028 809 1104 ipsis
821 1043 889 1105 par,
913 1034 942 1084 et
957 1025 1080 1085 dicendo
1097 1044 1132 1085 ac
1146 1043 1188 1086 re·

190 1110 359 1189 spondendo
379 1109 497 1170 cuilibet
511 1127 627 1186 eorum,
649 1111 697 1188 qui
719 1110 835 1170 luerunt
851 1109 880 1166 in
895 1108 959 1167 ioro
976 1109 1095 1183 diserti,
1117 1125 1188 1167 coru·

189 1194 349 1274 parandus;
374 1195 402 1252 in
422 1192 574 1254 affectibus
596 1209 668 1252 vero
693 1210 757 1253 cum
778 1191 908 1251 omnibus
927 1193 1017 1250 mirus
1033 1200 1091 1251 tum
1107 1193 1134 1251 in
1147 1194 1189 1266 iis,

148 1279 237 1356 coqui
258 1279 443 1338 miseratione
465 1285 614 1352 constant,
640 1275 727 1336 iacile
747 1276 932 1355 praecipuus.
976 1273 1015 1334 Et
1042 1275 1189 1334 admiratus

189 1361 312 1421 maxime
329 1369 384 1435 est,
400 1369 430 1420 ut
445 1377 536 1440 saepe
554 1368 691 1436 testatur,
708 1367 737 1419 et
755 1377 819 1418 eum
835 1366 969 1434 secutus,
988 1376 1150 1437 quanquam
1165 1360 1189 1416 iu

190 1461 281 1521 opere
294 1443 422 1520 diverso,
433 1441 648 1518 Menander,
663 1443 711 1519 qui
723 1441 771 1501 vel
782 1460 865 1518 unos,
874 1458 939 1500 meo
951 1441 1068 1518 quidem
1080 1442 1189 1515 iudicio,

190 1526 345 1603 diligenter
355 1525 449 1585 lectus
461 1525 498 1586 ad
510 1534 624 1600 cuncta,
636 1542 710 1602 quae
726 1526 930 1604 praecipimus,
947 1524 1103 1584 efficienda
1119 1525 1188 1584 sulii·

191 1611 261 1677 ciat;
284 1610 322 1668 ita
337 1625 450 1668 omnem
473 1609 550 1669 uitae
566 1608 717 1685 imaginem
733 1609 896 1686 expressit,
917 1615 994 1668 tanta
1017 1609 1047 1667 in
1067 1626 1103 1668 eo
1119 1610 1190 1667 inre·

189 1692 285 1752 niendi
309 1691 392 1771 copia
414 1700 444 1752 et
464 1691 622 1772 eloquendi
646 1690 785 1768 facultas,
813 1691 851 1750 ita
875 1699 919 1751 est
943 1691 1077 1751 omnibus
1099 1691 1190 1765 rebus,

148 1776 335 1854 ropersonis,
352 1774 504 1836 affectibus
518 1774 761 1836 accommodatos.
798 1773 861 1834 Nec
876 1774 945 1834 nibil
963 1775 1102 1852 proiecto
1119 1777 1189 1836 vide·

189 1867 265 1936 runt,
282 1859 331 1938 qui
340 1860 500 1936 orationes,
517 1877 591 1938 quae
604 1855 725 1918 Charisii
737 1859 850 1918 nomine
867 1857 998 1932 eduntur,
1013 1857 1189 1919 ablenandro

190 1943 316 2022 scriptas
332 1951 439 2021 putant.
468 1942 528 2002 Sed
538 1941 605 2002 milri
616 1941 703 2018 louge
718 1943 810 2018 magis
824 1950 922 2000 orator
933 1939 1053 2018 probari
1066 1943 1095 2001 in
1108 1958 1190 2020 opere

191 2042 245 2084 suo
261 2024 384 2101 videtur,
400 2026 454 2084 nisi
465 2026 542 2086 iorte
554 2033 601 2085 aut
612 2024 660 2084 illa
671 2025 746 2084 mala
758 2023 872 2099 iudicia,
890 2041 963 2101 quae
975 2022 1189 2104 Epitrepontes,

190 2107 364 2185 Epicleros,
385 2107 499 2169 Locroe
519 2107 640 2183 habent,
668 2117 716 2166 aut
737 2107 937 2168 meditationes
960 2107 988 2166 in
1008 2107 1190 2189 Psophodee,

190 2190 382 2268 Ncmothetc,
410 2191 642 2271 Hypobolimaeo
669 2208 726 2251 non
759 2190 888 2250 omnibus
912 2192 1050 2250 oratoriis
1072 2192 1190 2252 numeris

151 2284 257 2344 nsunt
273 2274 434 2336 absolutae.
474 2274 540 2352 Ego
560 2283 655 2334 tamen
676 2275 741 2352 plus
763 2273 857 2334 adhuc
873 2273 1005 2352 quiddam
1023 2275 1190 2336 collaturum

192 2376 257 2417 eom
272 2357 513 2420 declamatoribus
526 2365 607 2441 puto,
626 2358 760 2437 quoniam
773 2357 817 2416 his
833 2375 957 2417 neeesse
974 2366 1021 2416 est
1039 2359 1191 2418 secundun

192 2442 392 2501 condicionem
405 2442 666 2501 controversiarum
677 2441 777 2520 plures
788 2440 886 2501 subire
901 2457 1056 2520 personas,
1074 2452 1190 2520 patrum,

190 2523 324 2600 liliorum,
335 2522 464 2601 militurn,
475 2525 658 2601 rusticorum,
677 2524 802 2604 divitum,
815 2541 983 2603 pauperum,
1000 2525 1191 2596 irascentium,

191 2607 418 2685 deprecantium,
433 2609 552 2685 mitium,
571 2625 749 2686 asperorum.
794 2605 826 2667 ln
847 2607 950 2686 quibus
973 2608 1108 2669 omnibus
1128 2608 1191 2666 mire

149 2691 351 2760 tacustoditur
367 2691 403 2751 ab
419 2690 476 2752 hoc
497 2701 585 2770 poeta
608 2691 707 2752 decor.
750 2690 847 2769 Atque
868 2685 919 2751 ille
934 2691 1049 2768 quidem
1066 2691 1191 2751 omnibus

192 2775 319 2836 eiusdem
337 2776 436 2854 operis
454 2774 620 2835 auctoribus
637 2774 754 2834 abstulit
768 2791 873 2833 nomen
889 2783 917 2834 et
936 2773 1054 2850 inlgore
1073 2775 1192 2854 quodam
1229 2767 1231 2846 ξ

191 2874 261 2917 suae
284 2857 422 2918 claritatis
439 2858 576 2920 tenebras
593 2857 720 2917 obduxit.
755 2856 862 2918 Tamen
876 2856 982 2918 habent
1005 2857 1053 2917 alii
1080 2871 1191 2938 quoque
1229 2879 1231 2910 ι

192 2939 316 3018 Comici,
340 2942 365 3000 si
385 2959 449 3001 cum
462 2943 546 3002 uenia
561 2940 706 3018 leguntur,
724 2941 864 3018 quaedam
880 2958 954 3019 quae
972 2942 1069 3018 possis
1095 2942 1192 3008 decer·

192 3041 279 3101 pere;
305 3033 334 3084 et
351 3025 510 3103 praecipue
529 3024 737 3099 Philemon,
760 3025 808 3102 qui
828 3032 858 3084 ut
881 3023 977 3102 pravis
994 3025 1037 3083 sui
1052 3022 1192 3102 temporis
1219 3024 1223 3033 ‘

192 3106 303 3167 iudiciis
324 3105 481 3167 Menandro
504 3126 593 3187 saepe
617 3106 767 3186 praelatus
785 3115 845 3168 est:
870 3109 909 3167 ita
932 3123 1076 3167 consensu
1101 3116 1192 3167 tamen

193 3192 316 3250 omniurn
331 3192 435 3251 meruit
452 3190 700 3251 credisecundus.

151 3279 186 3340 ib
275 3272 475 3334 Historiam
488 3273 571 3335 multi
586 3277 734 3353 scripsere
753 3274 924 3353 praeclare,
945 3273 997 3334 sed
1012 3289 1096 3331 nemo
1114 3270 1192 3331 dubi·
1229 3255 1230 3314 ἒ

194 3365 235 3417 tat
248 3357 338 3434 longe
353 3357 425 3417 duos
451 3358 557 3418 ceteris
572 3358 801 3437 praeferendos,
824 3374 945 3436 quorum
966 3357 1078 3416 diversa
1103 3357 1193 3413 virtus
1229 3367 1231 3426 ἰ

192 3438 306 3500 laudern
323 3458 416 3520 paene
438 3451 484 3501 est
506 3459 605 3523 parem
634 3450 800 3528 consecuta.
848 3439 962 3531 bessus
983 3449 1011 3499 et
1039 3438 1140 3496 brevis
1164 3445 1193 3497 et
1229 3435 1231 3506 l

105 3630 164 3640 ⁴·—
