2494 3952
312 216 753 288 rusu.oneroe.u1s.x1,r.
1002 209 1064 271 205

52 375 168 436 urbium
184 372 289 434 ambitu
306 381 334 430 et
350 372 468 448 picturis
484 372 546 434 lieri
562 381 670 452 potest
704 373 797 434 Etiam
813 375 923 452 lingere
942 375 996 434 sibi
1012 376 1063 436 luas

51 459 198 535 imagines
213 457 291 516 licet.
324 452 404 532 Opus
425 465 470 515 est
492 473 564 533 ergo
587 457 676 533 locis,
699 475 774 536 quae
795 458 843 518 vel
859 460 1001 536 finguntur
1015 459 1063 518 vel

52 550 220 616 sumuntur,
243 536 413 616 imaginibus
434 539 483 600 rel
504 540 682 616 simulacris,
709 558 784 619 quae
809 543 907 620 utique
931 542 1063 619 lingenda

51 633 131 684 sunt.
161 623 304 701 Imagines
328 630 415 683 uotae
437 633 517 700 sunt,
539 624 642 702 quihus
663 642 698 685 ea
719 642 794 702 quae
816 625 972 690 ediscenda
999 635 1064 686 sunt

52 717 198 784 notamus,
214 716 255 783 ut,
273 705 418 786 quomodo
433 704 539 767 Cicero
555 707 633 783 dicit,
649 707 724 767 locis
738 725 793 785 pro
808 727 887 784 cera,
903 710 1063 769 simulacris

15 825 18 832 ι
52 807 110 870 pro
127 791 230 852 litteris
245 799 364 850 utamur.
397 788 470 850 lllud
486 807 603 870 quoque
617 790 788 851 adverbum
803 809 915 871 ponere
927 794 1063 870 optimum
1071 798 1105 849 22

52 875 161 934 luerit:
192 873 283 936 Locis
305 881 350 936 est
370 875 515 935 uteuduus
539 875 655 950 multis,
679 877 866 951 illustribus,
889 877 1061 954 explicatis,

52 959 186 1019 trsodicis
198 958 387 1028 intervellim
405 958 589 1036 imupiuibus
610 967 711 1020 autem
727 960 902 1038 apsntibus,
923 961 1060 1034 acribus,

52 1043 226 1120 iusipuitis,
251 1057 332 1121 quae
352 1059 518 1102 occurrere
533 1042 732 1119 celeriterque
745 1051 908 1120 percutere
929 1044 1061 1104 animum

52 1127 182 1203 possint.
210 1124 275 1198 Quo
287 1125 379 1202 magis
390 1127 488 1201 miror,
503 1125 647 1204 quomodo
658 1124 841 1185 Metrodorus
855 1127 883 1184 in
894 1125 949 1186 Xll
959 1127 1061 1202 signis,

54 1226 111 1287 per
133 1226 206 1286 qnae
227 1207 275 1268 sol
297 1216 388 1282 meat,
412 1217 549 1268 trecenos
574 1217 604 1268 et
624 1226 789 1285 sexagenos
810 1211 951 1269 invenerit
967 1210 1060 1269 locos.

54 1291 176 1352 Vanitas
193 1291 321 1351 nimirum
336 1291 388 1350 luit
403 1300 490 1370 alque
503 1293 618 1351 iactatio
636 1293 714 1351 circa
725 1293 890 1352 memoriam
902 1311 953 1351 sua
966 1295 1062 1371 potius

54 1384 119 1435 arte
135 1391 220 1452 quarn
236 1382 336 1434 natura
351 1375 513 1451 gloriantis
1111 1429 1114 1436 ,

142 1456 284 1536 Equidem
297 1457 372 1518 haec
389 1458 581 1537 ad‘quaedam
596 1457 739 1535 prodesse
754 1475 812 1517 uon
826 1460 1008 1536 negaverim,
1031 1459 1105 1518 utus

54 1543 82 1600 si
103 1558 200 1601 rerum
224 1542 338 1601 uomina
362 1542 449 1601 multa
475 1560 529 1620 per
554 1543 682 1601 ordinem
710 1542 804 1602 audita
828 1543 976 1602 reddenda
995 1543 1060 1600 siut.

55 1623 188 1702 Namque
204 1626 232 1684 in
248 1627 293 1700 iis,
310 1643 384 1703 quae
399 1625 578 1700 didicerunt,
595 1624 669 1685 locis
687 1635 796 1702 ponunt
811 1644 860 1684 res
875 1626 957 1686 illas:
983 1643 1061 1685 meu·

58 1725 131 1783 sem,
144 1717 174 1767 ut
185 1709 242 1768 lroc
253 1717 326 1782 utar,
340 1710 369 1766 in
380 1708 525 1768 vestibulo
536 1717 566 1768 et
578 1708 717 1786 pulpitum
728 1711 757 1768 iu
768 1710 841 1770 atrio
855 1717 883 1768 et
896 1711 938 1768 sic
950 1717 1060 1784 cetere,

56 1792 163 1851 deinde
179 1791 348 1870 relegentes
367 1793 530 1866 inveniunt,
554 1791 602 1851 ubi
622 1793 780 1868 posuerint.
812 1791 849 1850 Et
870 1793 991 1852 forsitan
1004 1791 1106 1851 hocta

58 1883 125 1933 sunt
140 1875 243 1951 adiuti,
267 1876 330 1953 qui,
352 1877 486 1938 auctione
504 1875 638 1948 dimissa,
662 1875 730 1952 quid
746 1876 849 1954 cuique
864 1873 1063 1934 vendidissent

55 1957 179 2018 testibus
196 1959 425 2036 argentariorum
439 1957 544 2018 tabulis
560 1957 759 2026 reddideruut;
789 1957 867 2036 quod
881 1958 1062 2036 praestitisse

56 2039 244 2102 Hortensium
261 2041 367 2101 dicunt.
401 2040 493 2101 Minus
508 2041 585 2101 idem
599 2041 729 2120 proderit
746 2043 774 2100 in
789 2042 970 2116 ediscendis,
988 2058 1063 2119 quae

56 2126 197 2185 orationis
219 2134 379 2204 perpetuae
402 2135 493 2185 eruut.
523 2124 595 2184 Nam
611 2134 642 2184 et
661 2142 764 2184 seusus
787 2141 845 2183 uon
860 2125 980 2185 eandem
995 2125 1061 2184 ima·

56 2209 155 2286 gisem
171 2226 255 2286 quam
268 2226 318 2267 res
339 2207 462 2284 habent,
489 2226 554 2274 cum
567 2207 687 2268 alterum
703 2207 865 2285 lingendum
880 2209 927 2266 sit.
957 2205 995 2266 Et
1011 2207 1062 2266 lro-

57 2310 120 2350 rum
136 2300 230 2352 tamen
246 2301 390 2369 utcunque
407 2301 570 2351 commonet
585 2292 683 2361 locus;
707 2293 761 2352 sed
783 2293 923 2350 sermonis
942 2290 1063 2350 alicuius

57 2374 148 2433 lrabiti
166 2374 320 2435 verborum
345 2377 497 2435 contextus
515 2374 617 2434 eadem
634 2385 697 2436 arte
712 2373 856 2453 quomodo
873 2373 1063 2452 comprehen-

57 2455 163 2518 detur?
188 2456 281 2534 ilitio,
298 2457 376 2536 quod
392 2459 533 2536 quaedam
547 2458 633 2518 nullis
648 2459 807 2518 simulacris
823 2457 980 2535 significari
995 2465 1105 2536 pos-25

57 2549 140 2615 suut,
162 2551 192 2600 ut
214 2551 295 2601 certe
320 2543 547 2602 coniunctiones.
580 2541 743 2602 Habeamus
764 2544 839 2601 euim
860 2559 947 2615 sane,
969 2550 999 2599 ut
1015 2542 1064 2618 qui

58 2625 136 2683 notis
154 2624 299 2700 scribunt,
328 2633 423 2685 certas
446 2627 586 2702 imagines
608 2627 729 2684 omnium
745 2634 775 2683 et
792 2625 858 2684 loca
874 2625 988 2684 scilicet
1003 2623 1063 2682 inii-

58 2710 134 2782 uita,
159 2725 213 2784 per
233 2726 309 2786 quae
324 2707 430 2785 rerba,
455 2717 524 2786 quot
546 2717 611 2767 suut
633 2709 661 2766 in
679 2709 805 2786 quinque
827 2716 927 2766 contra
940 2706 1064 2765 Verrem

58 2789 206 2850 secundae
224 2793 346 2850 actionis
365 2791 460 2868 libris,
487 2792 684 2871 explicentur,
708 2799 738 2850 ut
752 2791 963 2849 meminerimus
979 2791 1064 2850 etiam

59 2876 185 2934 omnium
201 2875 283 2952 qnasi
304 2876 517 2952 depositorum:
545 2891 640 2935 noune
664 2874 796 2953 impediri
818 2890 934 2952 quoque
950 2873 1064 2932 dicendi

59 2974 175 3017 cursum
191 2975 316 3017 necesse
337 2967 382 3018 est
407 2959 514 3036 duplici
535 2959 691 3018 memoriae
709 2960 799 3017 cura?
829 2955 901 3016 Nam
916 2957 1107 3035 quomodotb

58 3049 195 3119 poterunt
210 3042 345 3118 copulata
361 3042 462 3118 liuere,
479 3044 503 3101 si
519 3051 639 3120 propter
654 3040 767 3118 singula
781 3039 870 3099 verba
884 3039 921 3099 ad
936 3039 1064 3116 singulas

57 3121 167 3184 iormes
182 3126 395 3202 respiciendum
411 3123 488 3186 erit?
518 3125 615 3199 Quare
630 3134 660 3184 et
675 3121 849 3184 charmadas
868 3131 897 3182 et
913 3123 1063 3200 Scepsius,

58 3206 96 3265 de
113 3222 170 3285 qno
188 3207 274 3266 modo
295 3210 370 3284 dixi,
392 3208 590 3284 Metrodorus,
615 3225 688 3286 quos
707 3205 812 3267 Cicero
835 3205 903 3289 dicit
924 3222 994 3264 usos
1009 3203 1063 3264 hac

60 3291 281 3366 exercitatione,
298 3291 353 3352 sibi
367 3291 492 3352 habeant
506 3310 571 3358 sua:
590 3307 643 3350 uos
661 3291 838 3368 simpliciora
853 3286 1006 3348 tradamus.

146 3373 177 3432 Si
192 3374 308 3452 longior
324 3375 545 3454 complectenda
560 3376 697 3434 memoria
712 3375 798 3433 luerit
810 3373 918 3431 oratio:
937 3370 1106 3450 proderite'l

59 3472 115 3534 per
136 3466 236 3534 partes
265 3458 412 3527 ediscere;
441 3458 553 3520 laborat
579 3459 653 3518 enirn
676 3458 798 3517 maxime
822 3472 927 3523 onere;
956 3463 985 3514 et
1010 3453 1064 3513 hae
