2436 3956
242 204 825 292 rusu.onsuon.‘nrs.vu1,1›ooouu.
994 216 1035 276 45

43 383 117 461 cipue
133 381 210 441 cirea
225 389 382 460 praecepto
398 382 488 460 partis
503 380 585 440 huius
604 379 755 440 laboravit.
794 381 879 454 Quod
895 399 959 442 eum
975 399 1035 442 me·
1094 453 1095 456 Ἴ

42 467 89 524 rito
106 465 231 540 iecisse,
248 465 333 524 etiam
352 465 416 543 ipso
431 466 491 539 rei,
510 463 547 523 de
563 480 618 542 que
634 463 794 542 loquimur,
811 466 925 526 nomine
941 465 1035 545 pelam

39 547 205 608 declaratur.
237 546 344 625 Eloqui
358 548 431 607 enim
446 547 504 607 hoc
517 557 580 623 est,
598 549 708 623 omnia,
727 566 800 626 quae
816 558 912 610 mente
928 567 1034 610 conce·

39 633 126 709 peris,
142 647 277 709 promere
292 641 378 710 atque
395 631 431 691 ad
448 630 597 691 audientes
615 631 763 709 perferre;
781 633 844 692 sine
859 649 917 711 quo
933 651 1034 712 super·

39 732 121 774 vacua
137 723 201 774 sunt
223 715 321 793 priora
342 724 372 774 et
394 714 495 774 similia
512 714 611 792 gladio
630 714 746 774 condito
763 723 850 794 atque
866 717 939 776 intra
954 719 1035 794 uagi·

40 815 97 858 nam
110 815 188 858 suam
204 797 344 858 haerenti.
379 797 443 880 lloc
458 799 555 876 itaque
570 798 693 858 maxime
710 797 848 876 docetur,
867 799 924 860 hoe
940 799 1035 860 nullus
1044 809 1077 863 16

40 881 162 948 nisiarte
184 883 301 961 assequi
319 890 433 961 potest,
451 882 498 942 hie
519 881 642 942 studium
660 880 811 960 plurimum
827 883 1032 952 adhibendum

15 1015 16 1020 ,
39 963 90 1024 hoe
104 967 273 1025 exercitatio
289 967 378 1043 petit,
395 965 452 1026 hoo
464 967 604 1042 imitatio,
620 964 667 1024 hio
683 967 775 1025 ominis
791 975 872 1026 aetas
891 967 1033 1027 consumi·

39 1054 92 1115 tur;
112 1048 168 1108 hoe
186 1051 309 1108 maxime
337 1058 436 1109 orntor
462 1058 578 1109 oratore
602 1050 812 1127 praestantior,
841 1049 898 1110 hoc
924 1069 1034 1128 genera

39 1129 96 1208 ipsa
115 1131 227 1192 dicendi
246 1131 309 1192 eliis
333 1134 388 1193 alia
406 1135 529 1212 potiora.
563 1131 667 1210 Neque
689 1133 764 1192 enim
780 1133 881 1194 Asiani
898 1144 947 1195 aut
963 1142 1075 1213 qno-17
1165 1162 1168 1166 ·

15 1211 17 1258 f
40 1231 143 1293 cunque
165 1216 222 1276 elio
245 1233 356 1293 genere
378 1218 506 1296 corrupti
527 1233 575 1276 res
597 1233 654 1275 non
675 1215 808 1276 viderunt
832 1227 880 1277 aut
902 1236 952 1278 eas
977 1234 1034 1276 non

40 1297 263 1374 collocaverunt,
290 1318 402 1379 neque,
431 1317 505 1379 quos
532 1299 628 1360 aridos
654 1316 809 1375 vocamus,
834 1299 914 1360 stulti
937 1302 1034 1360 autin

41 1382 125 1440 causis
145 1384 225 1443 caeci
249 1383 376 1451 luerunt:
398 1384 451 1444 sed
474 1383 518 1443 luis
543 1382 676 1443 iudicium
694 1384 722 1442 in
740 1382 906 1462 eloquendo
923 1402 958 1444 ae
973 1401 1033 1442 mo·

15 1475 16 1478 ’
41 1461 100 1540 lus,
122 1465 177 1526 illis
197 1468 278 1527 uires
300 1467 469 1543 deiuemnt,
493 1476 524 1526 ut
547 1467 735 1546 apparentia
757 1466 814 1526 hoe
836 1476 865 1526 et
884 1469 982 1526 vitium
1005 1477 1034 1527 et

15 1577 17 1628 ss
40 1546 161 1609 virtutem
177 1567 247 1610 esse
265 1550 388 1610 dicendi.

16 1685 21 1700 ,
114 1632 176 1693 Non
190 1635 260 1695 ideo
271 1643 366 1695 tamen
378 1635 442 1695 sola
455 1643 500 1695 est
515 1634 626 1712 agenda
639 1652 708 1694 cura
720 1634 886 1695 verborum.
924 1633 1033 1694 Oceur·
1044 1648 1076 1701 18

43 1729 95 1772 ram
108 1718 175 1776 enim
190 1735 319 1790 neeesse
337 1727 382 1778 est
405 1727 451 1794 et,
473 1716 554 1777 velut
571 1719 599 1776 in
620 1717 765 1777 vestibulo
781 1721 912 1795 protinus
928 1735 1033 1796 appre-

43 1793 159 1859 hensuris
175 1800 251 1862 hane
270 1801 484 1862 confessionem
499 1818 610 1877 mecm,
628 1801 761 1860 resistam
777 1802 912 1879 iis‚qui‚
928 1801 1034 1860 omissa

15 1875 124 1942 'rerum
145 1885 207 1964 (qui
234 1887 318 1945 nerui
338 1894 403 1946 sunt
424 1887 453 1944 in
475 1884 586 1964 causis)
611 1883 776 1961 diligentia,
805 1883 928 1963 quodam
958 1885 1034 1942 inani
1124 1949 1125 1952 ¹

15 1967 16 2010 ἑ
43 1964 110 2026 circa
128 1984 215 2028 voces
241 1968 337 2029 studio
360 1977 531 2045 senescunt,
555 1968 641 2046 irlque
664 1967 772 2028 faciunt
793 1969 888 2044 gratia
906 1967 1032 2042 decoris,

15 2053 21 2084 Γ
43 2049 84 2124 qui
98 2059 139 2109 est
160 2052 331 2112 indicendo
354 2071 418 2113 mea
436 2051 550 2131 quidem
571 2052 708 2130 opinione
729 2051 957 2130 pulcherrimus,
980 2050 1033 2110 sed

15 2171 16 2198 2
43 2137 244 2214 consequitur
267 2154 323 2196 non
346 2155 409 2196 oum
430 2137 590 2196 effectetur.
628 2133 760 2213 Corpora
785 2153 854 2195 sana
878 2143 907 2194 et
930 2135 1076 2210 integrius
1150 2170 1154 2180 ι

43 2219 174 2292 sanguinis
190 2229 218 2279 et
234 2221 446 2280 exercitatione
458 2221 567 2279 firmata
584 2237 621 2278 ex
631 2218 738 2300 iisdem¹
750 2219 794 2278 his
810 2219 941 2297 speciem
957 2218 1033 2276 acci·

43 2297 126 2375 piant,
152 2321 187 2361 ex
209 2302 315 2383 quibus
341 2305 436 2380 vires,
464 2321 587 2382 namque
609 2311 638 2362 et
661 2303 792 2363 colorata
814 2311 844 2361 et
865 2301 983 2361 astricta
1005 2309 1034 2360 ει

44 2378 148 2443 lacertis
168 2404 311 2466 expressa
334 2395 413 2456 sunt;
435 2397 464 2448 at
481 2386 583 2446 eadem
605 2388 629 2446 si
653 2389 716 2465 quis
733 2386 817 2446 volsa
833 2395 920 2464 atque
936 2384 1033 2444 fucata

44 2465 206 2530 muliebriter
224 2478 335 2547 comat,
360 2471 527 2531 foedissima
555 2472 610 2530 sint
630 2471 695 2549 ipso
720 2470 831 2530 formae
853 2468 965 2530 labore.
997 2467 1075 2528 Erro

45 2547 125 2610 cultus
138 2569 294 2614 concessus
308 2563 395 2634 atque
408 2555 575 2632 magnificus
590 2553 667 2614 addit
679 2553 859 2629 hominibus,
875 2560 906 2613 ut
920 2551 1032 2612 Graeco

44 2645 119 2692 versu
133 2643 264 2699 testatum
280 2647 342 2714 εει,
365 2641 582 2705 auctoritatem
605 2645 634 2698 at
654 2637 802 2697 muliebris
820 2645 850 2696 et
867 2635 1032 2695 luxuriosus
1063 2711 1070 2717 x

15 2753 17 2756 -
44 2729 92 2774 non
108 2732 210 2798 corpus
226 2726 349 2783 exornat
366 2722 418 2782 sed
434 2723 545 2799 detegit
561 2729 695 2781 mentem.
728 2721 866 2780 Similiter
876 2718 926 2778 illa
942 2727 1032 2777 trans·

45 2793 127 2861 lucida
142 2813 169 2862 et
190 2806 355 2866 versicolor
376 2805 553 2886 quorundam
568 2805 696 2865 elocutio
718 2821 766 2863 res
781 2805 861 2883 ipsas
877 2801 1032 2877 effeminat,

47 2895 108 2955 quae
125 2885 173 2946 illo
188 2889 343 2949 verborum
358 2889 454 2950 habitu
469 2890 638 2949 vestiuntur.
671 2886 775 2948 Curam
790 2904 862 2964 ergo
878 2884 1033 2945 verborum

46 2978 128 3026 rerum
155 2971 224 3031 volo
253 2991 320 3033 esse
351 2972 583 3033 sollicitudinem.
627 2971 699 3032 Nam
728 2971 898 3051 plerumque
928 2971 1071 3047 optimam

46 3045 121 3108 rebus
142 3054 298 3116 cohaerent
319 3065 348 3116 et
371 3066 525 3117 comuntur
541 3073 593 3116 suo
610 3055 729 3125 lumine;
754 3065 783 3115 at
797 3071 851 3114 uos
869 3055 1032 3133 quaerimus

46 3126 103 3208 illa,
118 3143 248 3216 tanquam
264 3141 370 3201 lateant
382 3159 509 3220 seseque
525 3139 694 3200 subducant.
738 3137 780 3198 lte
795 3155 937 3218 nunquam
951 3145 1032 3214 puta·

46 3226 99 3273 mue
119 3219 194 3281 circa
217 3223 246 3283 id
262 3242 346 3300 esse,
372 3224 409 3284 de
431 3241 488 3303 quo
505 3223 655 3284 dicendum
673 3231 734 3298 εει,
757 3223 810 3282 sed
826 3238 864 3282 ex
879 3220 942 3280 aliis
959 3219 1032 3279 locis
1059 3249 1060 3253 =

47 3299 157 3368 petimus
173 3314 201 3364 et
218 3308 339 3368 inventis
351 3310 407 3369 vim
423 3308 578 3368 afferimus.
606 3306 717 3367 Maiore
729 3308 822 3365 animo
839 3302 1076 3382 aggrediendam

50 3376 201 3460 eloquentia
218 3398 279 3466 εει,
296 3393 411 3471 quaesi
429 3401 491 3452 toto
508 3407 634 3469 corpore
654 3389 750 3466 valet,
766 3405 879 3466 ungues
895 3386 989 3465 polire
1005 3393 1034 3444 ει

51 3465 171 3540 capillum
185 3490 330 3552 reponere
346 3492 403 3535 non
419 3474 592 3536 existimabit
607 3474 641 3534 ad
668 3489 765 3534 curam
781 3488 860 3533 suam
875 3471 1032 3550 pertinere.
