2494 3952
88 207 92 219 “
196 197 255 258 190
505 209 869 267 sancrosanctum

152 363 298 430 autunum
318 361 478 422 credamus.
511 363 571 424 Sed
592 363 648 422 boc
665 363 868 441 qualecunque
886 361 1038 422 discrimen
1056 381 1119 423 raro
1134 365 1178 425 ad·

192 445 306 506 modum
322 446 451 511 eveniet:
468 447 544 507 idem
559 447 634 522 lere,
648 456 680 506 ut
694 447 764 521 dixi,
780 446 807 504 in
822 447 904 504 omui·
916 463 1025 523 genere
1040 465 1181 506 causarum

193 540 222 590 et
238 529 368 606 proderit
384 538 413 588 et
430 529 555 590 decebit.
587 529 640 591 Est
655 539 760 606 autem,
777 530 855 607 quod
870 546 969 589 omnes
985 539 1016 590 et
1030 547 1142 608 semper
1156 540 1181 590 et

192 613 298 691 ubique
314 614 428 688 deceat,
445 613 544 673 lacere
556 632 591 673 ac
606 614 705 674 dicere
721 614 860 680 boneste3
876 622 1036 692 contraque
1049 617 1181 674 neminem
1215 613 1219 618 ’

191 713 314 774 uuquam
326 697 387 757 ullo
403 697 432 756 iu
446 697 525 773 loco,
542 699 673 776 turpiter.
695 696 815 773 ¹llliuora
830 714 902 756 vero
919 715 1054 776 quaeque
1070 708 1134 757 sunt
1149 715 1181 756 en

190 781 292 842 mediis
312 781 483 859 plerumque
504 790 571 841 sunt
592 781 676 857 talia,
698 790 730 840 ut
753 781 817 842 aliis
838 781 894 840 sint
913 781 1100 842 concedenda
1125 781 1183 841 aliis

122 887 128 893 ·
190 882 248 924 non
263 865 335 940 sint,
356 873 405 924 aut
421 881 475 943 pro
500 881 643 943 persona,
666 873 816 942 tempore,
835 864 920 938 loco,
943 883 1032 926 causa
1049 867 1138 942 magis
1153 881 1182 922 ac

149 950 281 1009 l5minus
297 949 345 1008 vel
364 957 502 1008 excusata
518 949 643 1010 debeant
657 948 750 1009 videri
767 947 816 1008 vel
833 947 1086 1026 reprehendenda.
1120 946 1181 1008 Cum

163 1075 165 1080 -
191 1033 316 1092 dicamus
341 1041 435 1091 autem
457 1031 601 1092 derebus
623 1041 671 1091 aut
691 1031 794 1092 alietris
815 1041 864 1110 aut
884 1035 1009 1092 uostris:
1040 1032 1182 1092 dividenda

190 1116 263 1175 ratio
288 1124 333 1173 est
356 1133 472 1190 eorum,
498 1115 563 1175 dum
585 1117 707 1175 sciamus
724 1115 873 1195 pleraque
900 1125 1004 1176 neutro
1031 1115 1100 1176 loco
1123 1133 1181 1175 con·

189 1215 299 1258 ventre.

273 1281 304 1342 lu
320 1283 418 1361 primis
434 1284 520 1360 igitur
533 1284 625 1343 omnis
641 1283 745 1342 vitiosa
760 1283 915 1342 iactatio
931 1293 989 1358 est,
1006 1284 1182 1360 eloquentiae

190 1378 284 1428 tanuen
300 1367 328 1427 in
345 1377 462 1426 oratore
481 1367 656 1444 praecipue,
680 1367 822 1444 allertque
839 1366 1023 1427 audientibus
1040 1384 1097 1426 non
1112 1367 1180 1426 iasti-

150 1452 263 1518 rodium
287 1449 372 1511 modo
395 1451 447 1511 sed
470 1449 639 1528 plerumque
662 1452 748 1510 etiam
768 1450 873 1509 odium.
903 1449 999 1510 Habet
1020 1453 1096 1510 euim
1109 1465 1180 1508 mens

190 1544 288 1594 nostra
303 1543 402 1594 natura
416 1533 538 1594 sublime
555 1533 687 1610 quiddam
704 1542 733 1592 et
749 1543 877 1593 erectum
891 1543 920 1593 et
934 1536 1089 1612 impatiens
1104 1551 1179 1610 supe·

189 1619 284 1678 rioris.
315 1617 445 1697 Ideoque
467 1619 598 1678 abiectos
621 1627 670 1677 aut
692 1620 899 1677 summittentes
920 1635 953 1676 se
978 1618 1105 1678 libenter
1118 1617 1178 1677 alle·

188 1719 305 1776 namus,
329 1704 395 1780 quia
416 1702 473 1762 boc
495 1703 594 1762 iacere
610 1710 743 1778 tanquam
760 1703 884 1761 maiores
905 1701 1052 1769 videmur;
1074 1712 1102 1761 et
1119 1715 1176 1778 quo·

188 1787 264 1846 tiens
280 1786 414 1846 discessit
427 1786 591 1862 aemulatio,
606 1785 738 1846 succedit
750 1785 917 1846 humanitas.
945 1786 1047 1866 Atqui
1059 1804 1093 1845 se
1103 1799 1177 1862 supra

111 1925 120 1940 ,
189 1870 303 1930 modum
324 1870 455 1946 extollit,
478 1889 612 1949 premere
626 1889 660 1930 ac
676 1870 830 1948 despicere
848 1869 990 1945 creditur,
1003 1888 1070 1930 ‘nec
1086 1878 1139 1928 tam
1152 1882 1178 1924 sc

149 1955 327 2019 17maiorem
343 1972 427 2032 quam
447 1957 573 2015 minores
590 1964 706 2014 ceteros
722 1955 832 2014 facere.
870 1952 939 2014 lnde
955 1954 1087 2015 inrident
1101 1951 1176 2011 humi-

189 2037 296 2112 liores,
318 2037 397 2114 (nam
417 2037 475 2098 boc
495 2040 591 2098 vitium
612 2047 657 2098 est
679 2055 795 2112 eorum,
812 2037 865 2115 ,qui
885 2056 940 2097 nec
959 2037 1070 2098 cedere
1090 2034 1177 2095 volunt

188 2139 243 2180 nec
261 2130 383 2199 possunt
397 2123 590 2200 contendere)
613 2123 706 2182 rident
722 2123 908 2200 superiores,
930 2122 1095 2199 improbant
1109 2117 1175 2178 boni.

188 2204 360 2282 Plerumque
383 2223 454 2265 vero
471 2203 672 2284 deprehendas
695 2206 887 2282 arrogantium
903 2205 1006 2264 lalsam
1022 2205 1060 2265 de
1078 2223 1110 2266 se
1124 2201 1177 2278 opi·

122 2331 126 2334 -
188 2289 316 2356 uionem;
336 2289 390 2349 sed
404 2291 433 2348 in
447 2291 526 2350 veris
541 2307 657 2369 quoque
673 2289 780 2348 suflicit
795 2289 981 2348 conscientia.
1092 2296 1098 2299 ’

272 2371 479 2451 Reprehensus
504 2383 548 2432 est
570 2375 598 2434 in
620 2373 674 2433 bac
691 2382 774 2451 parte
794 2390 852 2432 non
867 2373 1054 2433 mediocriter
1070 2370 1175 2441 Cicero,

188 2472 349 2533 quanquam
360 2456 384 2514 is
394 2456 507 2533 quidem
515 2474 611 2516 rerum
622 2475 637 2515 n
650 2472 683 2514 se
693 2465 840 2533 gestarum
847 2458 939 2516 maior
947 2475 1032 2535 quam
1048 2457 1176 2532 eloquen-

145 2539 243 2598 18tiae
259 2538 311 2599 luit
332 2539 361 2598 iu
382 2539 559 2600 orationibus
583 2541 682 2619 utique
699 2543 830 2600 iactator.
863 2540 900 2600 Et
923 2540 1095 2620 plerumque
1113 2532 1175 2597 illud

187 2639 303 2701 quoque
319 2640 376 2683 uon
391 2625 453 2683 sine
468 2624 564 2702 aliqua
579 2627 690 2684 ratione
706 2625 786 2685 iecit.
809 2625 868 2684 dut
883 2626 957 2683 enim
971 2625 1105 2686 tuebatur
1119 2635 1175 2690 eos,

187 2704 289 2784 quibus
307 2718 369 2769 crat
385 2708 562 2768 adiutoribus
577 2726 646 2767 usus
661 2709 689 2767 in
705 2709 893 2786 opprimenda
910 2709 1117 2779 coniuratione,
1134 2707 1175 2762 aut

186 2791 382 2868 respondebat
398 2792 535 2860 invidiae;
555 2794 600 2851 cui
618 2801 712 2852 tamen
727 2809 784 2852 uon
799 2793 852 2852 luit
862 2810 916 2870 par
925 2801 1061 2852 servatae
1074 2788 1174 2869 patriae

186 2891 309 2950 poenam
321 2893 425 2954 passus
441 2876 569 2944 exilium;
585 2885 615 2936 ut
630 2876 755 2950 illorum,
773 2893 847 2954 quae
864 2886 966 2953 egerat
977 2877 1005 2934 iu
1021 2872 1173 2940 consulatu,

185 2958 324 3036 frequens
336 2962 570 3020 commemoratio
584 2961 677 3038 possit
689 2960 780 3020 videri
794 2976 851 3018 uon
865 2959 978 3036 gloriae
993 2961 1084 3035 magis
1099 2969 1173 3033 quam

143 3041 347 3103 19deiensioni
365 3043 439 3102 data.
474 3041 677 3122 Eloquentiam
695 3044 827 3122 quidem,
849 3061 912 3103 oum
930 3043 1121 3122 plenissimam
1138 3035 1173 3095 di·

182 3143 290 3185 uersae
307 3128 397 3204 partis
414 3128 563 3187 advocatis
581 3127 772 3202 concederet,
795 3117 850 3187 sibi
867 3146 1009 3206 nunquam
1025 3128 1052 3184 in
1067 3119 1171 3202 agendo

186 3210 338 3270 immodice
354 3211 509 3288 arrogavit.
539 3210 620 3271 lllius
636 3221 701 3271 sunt
716 3213 807 3272 enim:
820 3211 859 3271 st
873 3213 949 3288 quid
966 3221 1010 3272 est
1024 3207 1133 3289 inpendi
1145 3205 1172 3262 a'n

185 3311 242 3368 me,
263 3295 455 3373 qoodsentic
470 3297 616 3372 quamsit
633 3297 786 3374 exipsorum,
804 3304 844 3370 et,
865 3293 931 3368 Ono
946 3297 1067 3375 inpendo
1083 3292 1172 3352 naam

143 3385 320 3454 topossom,
339 3379 509 3441 subsidium
523 3379 595 3440 milti
609 3381 766 3457 dilipcnta'a
781 3382 968 3458 comparavi.
1006 3377 1079 3452 Quin
1094 3374 1169 3434 etiam

185 3469 286 3520 contra
302 3459 337 3536 Q.
357 3460 515 3522 Caecilium
533 3462 570 3524 de
591 3471 761 3524 accusatore
779 3465 808 3522 in
829 3463 953 3524 Verrem
970 3454 1167 3529 constituendo,
