2494 3952
381 229 470 280 unsa.
485 231 635 282 ouauoo.
649 232 718 280 urs.
730 232 764 298 x,
776 229 802 282 u.
818 228 844 284 3.
903 197 905 201 ’
1056 221 1112 282 171

112 383 151 445 iil.
168 381 279 444 'l'ullius
298 380 390 444 dixit?
419 381 487 444 ttttt
502 385 616 464 quidem
632 386 701 444 satis
718 397 807 462 esset,
824 388 849 446 si
865 387 959 446 omnia
976 387 1117 464 consequi

111 485 240 546 possem.
268 466 344 540 Quid
361 475 455 526 tamen
470 479 591 529 noceret
605 471 661 528 vim
676 466 821 544 Caesaris,
841 473 1026 548 asperitatem
1042 467 1115 530 an-

110 550 161 627 lii,
185 550 362 627 diligentiam
384 549 539 626 Pollionis,
562 552 697 613 iudicium
714 551 796 614 Calvi
812 552 980 631 quibusdam
997 556 1025 612 in
1041 553 1114 613 locis

110 629 283 694 assumere?
314 631 386 692 Nam
400 643 518 711 praeter
533 636 560 695 id
573 636 650 714 quod
666 638 814 714 prudentis
831 645 886 712 est,
903 636 979 714 quod
998 638 1026 694 in
1043 645 1159 714 quo-26

109 735 170 796 que
194 717 330 795 optimum
352 725 414 791 est,
433 718 457 776 si
478 720 587 796 possit,
612 737 693 778 suum
709 719 824 780 lacere:
845 727 903 778 tum
923 721 952 778 in
973 727 1050 778 tanta
1072 721 1115 779 rei

109 800 283 862 diiiicultate
299 817 383 859 unum
397 801 540 861 intuentes
556 804 604 860 vix
621 802 716 881 aliqua
734 820 801 881 pars
817 805 957 880 sequitur.
985 797 1113 879 Ideoque

108 902 176 946 cum
191 881 281 943 to‘tum
295 884 460 960 exprimere
482 902 566 962 quem
587 885 715 962 elegeris
731 905 824 964 paene
842 887 878 944 sit
893 885 998 944 homini
1016 887 1114 943 incon-

107 984 245 1028 cessum:
260 965 384 1044 plurium
399 965 475 1027 bona
490 985 628 1046 ponamus
646 978 712 1028 ante
729 969 843 1044 oculos,
861 976 891 1027 ut
904 967 983 1032 ,aliud
1002 985 1038 1026 en
1056 968 1113 1026 alio

14 1109 19 1114 .
107 1052 241 1125 haereat,
261 1058 290 1108 et
306 1047 382 1126 quod
399 1052 502 1128 cuique
518 1051 585 1112 loco
604 1055 756 1113 conveniat
772 1061 912 1130 aptemus.

195 1133 316 1192 Imitatio
333 1141 428 1192 autem
441 1133 520 1212 (nam
538 1137 654 1213 saepius
666 1135 741 1195 idem
756 1135 864 1214 dicam)
882 1151 939 1192 non
956 1135 993 1192 sit
1008 1141 1154 1197 tantumil

108 1219 139 1277 in
155 1215 263 1277 verbis.
298 1214 371 1275 Illuc
393 1216 564 1278 intendenda
584 1236 684 1293 mens,
714 1227 849 1295 quantum
868 1217 955 1277 inerit
970 1217 1027 1276 illis
1044 1218 1113 1276 viris

108 1301 229 1361 decoris
245 1299 273 1359 iu
285 1299 372 1358 rebus
388 1309 475 1378 atque
490 1302 636 1380 personis,
645 1302 732 1380 ,quod
745 1302 906 1376 consilium,
926 1317 999 1379 quae
1015 1300 1112 1377 dispo-

108 1385 194 1459 sitio,
218 1400 302 1463 quam
319 1385 429 1459 omnia,
455 1387 539 1444 etiam
566 1402 640 1462 quae
663 1385 849 1446 delectationi
871 1382 1021 1443 videantur
1037 1383 1112 1456 data,

109 1468 147 1529 ad
167 1468 317 1527 victoriam
338 1477 487 1544 spectent;
511 1469 578 1547 quid
596 1477 698 1546 agatur
717 1470 888 1547 prooemio,
906 1484 979 1545 quae
994 1468 1067 1525 ratio
1084 1475 1113 1525 et

108 1569 195 1630 quam
210 1551 289 1610 varia
306 1551 448 1628 narrandi,
467 1569 542 1630 quae
557 1554 602 1612 vis
618 1551 757 1629 probandi
773 1571 808 1613 ac
824 1549 988 1626 refellendi,
1008 1557 1112 1628 quanta

83 1657 86 1662 ¹
107 1637 137 1694 in
154 1633 306 1694 affectibus
322 1636 413 1693 omnis
431 1637 548 1712 generis
564 1636 713 1695 movendis
729 1637 864 1710 scientia,
891 1651 1033 1712 quamque
1051 1633 1112 1692 laus

107 1721 174 1796 ipsa
190 1717 339 1796 popularis
360 1719 489 1778 utilitatis
510 1720 602 1796 gratia
617 1730 779 1798 assumpta,
802 1735 877 1798 quae
902 1727 960 1777 tum
982 1726 1027 1776 est
1050 1716 1112 1794 pul·

108 1801 264 1876 cherrima,
278 1815 341 1860 cum
353 1803 484 1879 sequitur
496 1818 554 1860 non
566 1819 629 1862 cum
639 1804 805 1862 arcessitur.
827 1801 907 1860 Haec
918 1802 942 1859 si
954 1799 1112 1877 pervideri·

108 1901 183 1959 mus,
200 1894 342 1944 tumuere
362 1883 542 1944 imitabimur.
582 1885 637 1958 Qui
650 1878 722 1946 vero
745 1887 829 1945 etiam
844 1885 963 1962 propria
977 1882 1021 1940 luis
1038 1880 1155 1946 bonate

106 1968 259 2043 adiecerit,
276 1976 307 2027 ut
324 1967 460 2046 suppleat
476 1986 550 2047 quae
567 1970 702 2044 deerant,
725 1967 925 2042 circumcidat,
944 1966 968 2024 si
984 1964 1051 2042 quid
1066 1980 1112 2022 re·

108 2050 261 2114 dundabit:
287 2052 311 2110 is
328 2054 398 2127 erit,
426 2069 510 2130 quem
528 2053 707 2130 quaerimus,
729 2051 879 2130 perfectus
896 2057 1009 2116 oralort
1027 2063 1111 2131 quem

107 2156 185 2200 nuuc
218 2135 408 2198 consummari
433 2137 612 2213 potissimum
638 2144 789 2216 oporteat,
825 2152 887 2194 cum
919 2141 998 2192 tanto
1029 2130 1112 2209 plura

107 2221 245 2300 exempla
260 2219 335 2281 ltene
353 2219 467 2280 dicendi
483 2221 638 2298 supersint,
655 2237 739 2298 quam
753 2217 821 2293 illis,
839 2218 887 2295 qui
904 2215 997 2276 adime
1012 2213 1112 2272 summi

109 2313 188 2381 suut,
217 2306 408 2382 contigerunt.
448 2301 521 2363 Nam
542 2305 597 2362 erit
617 2303 692 2364 haec
719 2318 836 2380 quoque
858 2301 919 2360 laus
942 2314 1057 2382 eorum,
1081 2303 1113 2355 ut

33 2419 37 2424 =
109 2389 225 2469 priores
243 2403 410 2467 superasse,
423 2396 559 2464 posteros
575 2386 711 2447 docuisse
725 2385 863 2446 dicantur.

421 2537 574 2599 QUOMODO
592 2537 806 2588 scstssunoum.

194 2633 244 2695 111.
277 2633 314 2695 m
336 2635 410 2696 haec
432 2635 546 2715 quidem
566 2636 671 2696 auxilia
690 2635 870 2694 extrinsecus
886 2629 1067 2696 adhibentur;
1083 2631 1112 2688 in

107 2723 146 2782 iis
162 2735 237 2797 quae
252 2718 335 2778 nobis
347 2720 419 2798 ipsis
431 2719 557 2798 paranda
573 2727 647 2793 sunt,
663 2727 693 2777 ut
708 2716 816 2777 laboris
829 2717 872 2775 sic
884 2715 1012 2774 utilitatis
1027 2713 1112 2772 etiam

108 2806 201 2880 longe
212 2802 362 2881 plurimum
380 2803 463 2862 aliert
479 2803 602 2864 stilus.
633 2800 696 2862 Nec
709 2801 850 2861 immerito
862 2797 899 2857 Μ.
913 2795 1023 2856 Tullius
1037 2795 1113 2854 hune

109 2889 255 2966 optimum
282 2885 453 2970 effectorem
477 2907 517 2948 ac
549 2886 728 2965 mapistram
756 2883 881 2944 dicendi
904 2881 1033 2948 nocerim
1067 2879 1113 2938 cui

109 2971 274 3030 sententiae
296 2987 450 3047 personam
469 2969 499 3029 t.
523 2966 621 3030 Crassi
643 2970 671 3027 in
696 2964 934 3045 disputationibus
957 2971 1113 3042 quaesunt

110 3055 151 3114 de
169 3062 287 3113 oratore
305 3054 494 3132 assignando,
517 3053 651 3114 iudicium
672 3069 753 3110 suum
771 3067 835 3109 cum
849 3049 925 3108 illius
941 3045 1111 3107 auctoritate

112 3137 270 3198 coniunxit.
313 3136 501 3199 scribendum
522 3153 593 3214 ergo
623 3151 706 3214 quam
728 3133 946 3211 diligentissime
972 3139 1002 3188 et
1027 3134 1140 3207 quamt

111 3219 274 3300 plurimum.
305 3221 375 3282 Nam
391 3229 421 3279 ut
436 3229 513 3280 terra
528 3220 612 3281 altius
634 3219 741 3279 ellossa
755 3214 928 3295 generandis
942 3211 1112 3290 alendisque
1205 3263 1207 3266 .

52 3323 58 3328 ¹
111 3304 270 3365 seminibus
291 3304 440 3366 fecundior
460 3303 505 3364 lit:
524 3304 567 3364 sic
588 3303 739 3381 proiectus
762 3316 820 3359 non
839 3316 855 3360 a
875 3295 1112 3374 summopetitus
1158 3361 1166 3367 ,
1188 3339 1193 3344 .

111 3387 273 3448 studiorum
287 3389 396 3450 iructus
413 3395 442 3448 et
458 3386 549 3447 iuudit
561 3386 677 3447 uberius
694 3394 724 3446 et
742 3382 855 3445 fidelius
873 3381 1009 3442 continet.
1040 3375 1114 3436 Nam
1184 3420 1190 3441 ι

111 3471 178 3533 sine
191 3471 246 3533 hac
263 3473 378 3555 quidem
394 3471 570 3534 conscientia
591 3472 654 3550 ipsa
670 3468 720 3530 illa
738 3483 775 3528 ex
789 3476 921 3546 tempore
940 3461 1052 3525 dicendi
1070 3461 1114 3521 ia·
