2436 3956
181 188 219 252 18
501 201 537 246 ιι.
549 199 628 246 ιιι.
642 193 863 258 omunrarnru

134 364 170 420 ³9
261 355 306 414 De
323 371 410 414 causa
421 353 505 431 prius
521 369 556 412 an
577 352 613 412 de
636 370 761 431 persona
784 355 935 415 dicendum
950 361 1004 431 stt,
1027 358 1181 436 quaeritur,

177 439 316 517 uarieque
335 446 380 496 est
399 435 434 497 alr
450 435 613 496 oratoribus
629 437 750 513 iactum,
765 456 783 497 a
799 435 943 498 Cicerone
963 441 1049 499 etiam
1069 441 1181 518 pracla-

177 532 224 582 tae
246 521 415 600 frequenter
436 538 552 581 causae.
596 521 655 595 Sed
677 520 761 596 milri,
783 522 807 579 si
833 531 937 582 neutro
966 521 1025 582 litis
1050 524 1183 584 condicio

176 607 408 684 praeponderet,
425 603 583 664 secundum
596 613 724 663 naturam
736 605 874 665 videtur
865 606 996 684 racipere
1014 624 1031 666 a
1046 624 1182 684 persona.

175 689 241 748 Non
256 690 312 750 lroc
330 689 420 765 magis
433 687 573 765 generale
591 696 637 746 est
650 689 818 766 rectiorque
834 689 954 764 divisio,
973 707 1009 748 an
1023 690 1113 749 ullum
1128 693 1182 750 cri·

132 782 168 837 to
179 791 244 832 men
261 771 417 847 credibile,
434 789 470 831 an
482 772 547 832 lroc.
576 769 782 831 Potesttamen
797 771 826 831 id
841 773 951 850 ipsum,
968 775 1044 832 sicut
1058 773 1183 852 plerum·

176 874 251 936 que,
277 864 393 916 vertere
423 855 542 914 utilitas.
580 852 643 914 Nec
673 862 780 914 tantum
801 872 908 915 causae
931 855 1088 916 voluntatis
1119 867 1183 917 suat

175 939 378 1019 quaerendae,
396 938 454 998 sed
473 938 587 997 interim
603 947 633 997 et
649 938 772 1013 erroris,
796 947 826 997 ut
843 937 987 1014 ebrietas,
1010 940 1180 1016 ignorantia.

175 1023 248 1082 Num
262 1022 352 1097 haec,
376 1030 407 1080 ut
429 1021 614 1099 inqualitate
636 1021 744 1080 crimen
762 1021 893 1096 elevant,
916 1023 954 1082 ita
971 1022 1000 1081 in
1015 1025 1183 1084 coniectura

130 1115 164 1170 41
175 1115 317 1185 premunt.
355 1104 392 1164 Et
414 1121 539 1183 persona
561 1104 677 1182 quidem
700 1105 801 1164 nescio
823 1123 860 1164 an
874 1123 1014 1184 unquam,
1039 1109 1138 1184 utique
1154 1109 1182 1168 in

129 1227 136 1240 ·
175 1207 247 1250 vero
264 1199 330 1250 actu
348 1190 409 1263 rei,
428 1190 522 1265 possit
537 1187 684 1262 incidere,
702 1187 738 1248 de
758 1205 814 1266 qua
835 1197 937 1248 neutra
954 1206 1022 1267 pars
1038 1191 1131 1258 dicut;
1146 1191 1182 1251 de

175 1275 270 1334 causis
289 1273 458 1351 frequenter
476 1273 576 1350 quaeri
597 1270 666 1330 nihil
687 1271 805 1347 attinet,
827 1281 858 1331 ut
874 1274 903 1331 in
918 1272 1085 1349 adulteriis,
1109 1283 1140 1334 ut
1154 1276 1182 1333 ia

173 1357 275 1430 iurtis,
293 1357 359 1433 quia
374 1355 439 1414 illas
457 1373 511 1434 per
525 1373 558 1414 se
577 1355 640 1432 ipsa
658 1355 775 1414 crimina
793 1373 892 1415 secum
911 1355 1028 1416 liabent.
1213 1353 1214 1356 ’

130 1450 165 1504 42
257 1437 327 1498 Post
346 1437 420 1497 haec
449 1437 584 1497 intuenda
607 1437 741 1496 videatur
766 1446 795 1496 et
822 1439 1000 1506 consilia;
1026 1457 1101 1516 quae
1124 1439 1181 1500 late

173 1530 289 1601 patent,
306 1520 353 1580 An
368 1521 509 1581 credibile
524 1521 578 1594 sut
596 1536 676 1579 reum
691 1537 846 1598 sperasse
863 1521 972 1581 idasc
987 1522 1087 1582 scelus
1102 1523 1180 1583 elder
1213 1539 1214 1568 ³

172 1601 284 1684 posse?
305 1622 340 1663 an
356 1604 498 1680 ignorari,
516 1620 580 1662 cum
591 1600 734 1663 lecisset?
749 1621 800 1678 an,
820 1605 932 1664 etiamsi
947 1606 1110 1682 ignoratum
1126 1622 1182 1665 noa

172 1697 269 1764 esset,
295 1686 408 1747 absolvi
428 1688 477 1747 vel
499 1703 594 1765 poena
620 1685 679 1746 levi
701 1689 820 1764 transigi
847 1687 895 1746 vel
918 1688 1046 1749 tardiore
1072 1689 1122 1748 vel
1145 1709 1182 1749 ex

173 1789 229 1852 qua
252 1771 344 1830 miuus
371 1770 543 1830 incommodi
571 1779 780 1830 consecuturus
807 1788 893 1849 qnam
919 1788 956 1830 ex
981 1772 1060 1832 iacto
1082 1773 1182 1849 gaudii
1214 1807 1215 1816 ι

128 1851 338 1918 derideretur?
354 1872 390 1914 an
401 1856 487 1915 etiam
499 1854 569 1914 tanti
580 1854 724 1932 putaverit
738 1871 864 1931 poenam
879 1851 999 1914 subire?
1014 1853 1085 1916 Post
1093 1855 1181 1931 haec,

171 1939 217 1998 An
234 1939 291 1998 alio
308 1948 440 2016 tempore
456 1946 486 1997 et
503 1938 587 1997 aliter
602 1937 702 1995 iacere
717 1935 766 1996 vel
781 1936 895 1997 facilius
911 1937 959 1996 vel
975 1939 1108 1998 securius
1129 1956 1180 2019 po·
1214 1943 1215 1950 ’

171 2019 279 2083 tuerit?
304 2030 335 2080 ut
350 2022 420 2081 dicit
435 2018 540 2080 Cicero
555 2036 610 2096 pro
626 2017 734 2078 Milone
750 2037 921 2080 enumerans
937 2022 1075 2119 plurimas
1092 2039 1181 2083 occa-

172 2107 287 2181 aiones,
305 2103 408 2184 quiltas
424 2103 459 2165 ab
480 2121 516 2162 co
534 2100 677 2162 Clodius
669 2120 784 2181 impune
805 2103 899 2163 occidi
919 2105 1055 2182 potuerit.
1092 2105 1182 2165 Prae·

172 2198 269 2265 terea,
292 2207 343 2248 cur
359 2189 538 2268 potissimum
554 2186 604 2245 illo
622 2185 707 2261 loco,
733 2187 784 2247 illo
801 2196 949 2266 tempore,
967 2187 1018 2248 illo
1036 2188 1126 2248 modo
1146 2191 1183 2247 sit

173 2291 350 2350 aggressus,
374 2271 490 2351 (quiet
517 2273 581 2348 ipsa
596 2269 817 2346 diligentissime
834 2279 974 2330 tractatur
994 2289 1048 2350 pro
1073 2272 1182 2332 eodem

127 2357 272 2436 deiocus)
291 2374 342 2430 au,
359 2357 470 2417 etiamsi
486 2353 564 2414 nulla
579 2354 692 2413 ratione
707 2353 809 2415 ductus
826 2362 886 2428 est,
902 2356 1009 2434 impetu
1025 2364 1130 2434 raptus
1146 2357 1183 2416 sit

172 2448 201 2499 et
222 2438 362 2516 absque
387 2437 592 2511 sententia,
617 2435 704 2514 (nam
723 2437 813 2514 vulgo
835 2437 954 2513 dicitur,
977 2438 1101 2500 Scelera
1124 2455 1184 2498 non

171 2521 280 2584 hahere
310 2520 482 2600 consilium)
509 2537 545 2581 an
568 2520 654 2580 etiam
676 2519 885 2581 consuetudine
907 2523 1049 2599 peccandi
1077 2524 1117 2582 sit
1141 2523 1183 2583 al-

171 2604 291 2666 lectus?
567 2666 575 2673 ,

254 2689 387 2751 Excussa
408 2690 498 2768 prima
520 2697 620 2768 parte,
641 2709 677 2750 an
700 2689 843 2765 voluerit,
865 2688 1015 2767 sequitur,
1044 2688 1099 2748 Aa
1122 2707 1184 2768 po·

171 2771 312 2834 tuerit‘l
349 2773 402 2833 Hic
426 2782 565 2835 tractatur
585 2773 685 2849 locus,
713 2782 840 2851 tempus,
867 2781 897 2832 ut
923 2774 1028 2832 lurtum
1051 2774 1081 2832 iu
1110 2772 1185 2833 loco

171 2858 270 2933 cluso,
287 2858 446 2934 frequenti:
467 2865 598 2935 tempore
610 2857 659 2916 vel
674 2857 792 2932 diurno,
810 2873 874 2916 cum
890 2865 984 2916 testes
996 2856 1117 2934 plures,
1133 2856 1187 2916 vel
1215 2923 1216 2936 ,

123 2947 328 3016 45nocturno,
346 2958 410 3000 cum
426 2942 518 3000 maior
533 2940 699 3000 diilicultas.
731 2939 1035 3019 Inspiciuuturutique
1050 2939 1185 3000 diiilcul-
1215 2947 1216 2966 ¹

170 3032 262 3099 tates,
279 3025 469 3099 occasiones,
486 3041 560 3102 quae
577 3032 641 3084 sunt
658 3024 798 3102 plurimae
812 3024 938 3123 ideoque
959 3024 1106 3102 exemplis
1124 3040 1187 3084 uon

170 3116 268 3184 egent.
309 3107 364 3168 llic
386 3125 512 3187 sequens
538 3107 622 3167 locus
637 3107 703 3167 talus
726 3117 787 3183 est,
810 3116 856 3181 ut,
878 3107 981 3167 silleri
995 3125 1054 3168 non
1069 3105 1216 3198 potarat

169 3190 283 3252 sublata
299 3191 335 3252 lis
350 3191 399 3259 sit;
429 3193 454 3250 si
461 3191 581 3290 potuit,
597 3199 736 3277 sequatur
750 3191 899 3270 quaestio,
918 3208 954 3251 aa
969 3190 1085 3251 iecerit.
1120 3189 1187 3251 Sed

168 3275 242 3335 liaeo
263 3276 349 3336 etiam
370 3275 406 3335 ad
423 3275 506 3334 animi
528 3267 725 3335 coniecturam
748 3276 910 3374 pertineat,
933 3292 998 3334 nam
1021 3284 1113 3336 etex
1137 3273 1187 3336 ltis

168 3357 335 3435 colligitur,
357 3375 392 3418 an
417 3360 589 3436 speraverit.
638 3356 708 3419 ldeo
738 3359 865 3436 spectari
889 3356 996 3418 dehent
1019 3365 1048 3419 et
1068 3359 1185 3418 instru-

163 3449 278 3510 menta,
294 3451 325 3502 ut
340 3438 434 3503 clodii
451 3458 485 3502 ac
505 3440 622 3501 lliloais
639 3443 801 3502 comitatus.
