2470 3962
161 157 223 220 232
496 169 855 250 rasrsonrrunmmm

162 327 281 405 privatis
300 325 413 396 modus,
447 324 492 386 De
510 326 639 404 partibus
656 341 761 384 causae
780 332 810 384 et
827 325 979 384 sententiis
995 323 1185 410 verbisque,

162 427 238 490 quae
255 418 319 469 sunt
336 409 520 488 multiplicia,
537 408 665 487 pluribus
683 407 845 469 dicendum.
892 485 896 493 Ι

106 509 156 564 154
246 491 314 554 Tria
329 502 432 568 autem¹
441 501 590 571 praestare
607 491 696 552 debet
710 492 923 570 pronuntiatio:
935 493 1097 569 conciliet,
1113 509 1183 572 per·

162 576 299 652 suadeat,
326 585 459 652 moreat,
484 576 589 655 quibus
613 585 712 635 natura
738 573 894 650 cohaeret,
916 576 1181 638 etiam-delectet.

163 657 337 721 Conciliatio
352 659 417 721 iere
433 669 481 720 aut
498 659 747 720 commendatione
762 675 887 734 morum,
910 661 959 736 qui
970 662 1089 721 nescio
1108 677 1180 740 qno

162 743 250 804 modo
268 745 306 804 'ex
322 761 397 804 voce
419 745 505 805 etiam
522 753 609 822 atque
629 744 744 802 actione
768 742 932 819 pellucent,
957 752 1007 804 aut
1030 746 1182 806 orationis

163 829 305 888 suavitate
323 837 448 896 constan
468 826 662 907 persuadendi
676 827 721 885 via
739 824 940 902 affirmatione,
960 844 1041 906 quae
1058 830 1179 888 interim
1214 847 1216 906 ι

106 911 229 990 155plus
247 911 320 990 ipsis
344 911 565 991 probationibus
589 911 677 970 valet.
706 905 756 971 An
779 911 857 985 ieta,
881 909 972 990 inquit
989 907 1114 972 Calidio
1133 909 1178 972 ct-

164 1011 252 1070 cero,
268 997 297 1055 si
309 1014 386 1055 cera
401 1003 516 1072 assent,
534 995 580 1056 sic
596 1011 617 1054 a
630 1004 659 1054 tc
674 994 873 1056 dicerentur?
896 1002 946 1070 et,
967 993 1110 1056 Tantum
1124 997 1178 1056 ab·

162 1085 224 1157 eat,
245 1085 279 1139 nt
291 1075 502 1156 inflammares
517 1088 637 1140 nostroe
654 1079 789 1150 animem·
806 1095 943 1139 somnum
957 1080 1018 1140 isto
1032 1079 1107 1141 icco
1124 1081 1178 1140 cic

162 1162 348 1224 tenebamus.
381 1159 500 1222 Fiducia
517 1163 604 1238 igitur
618 1169 759 1240 appareat
780 1169 810 1220 et
825 1163 1004 1238 constantia,
1029 1163 1136 1240 utique
1152 1164 1176 1222 si

103 1246 320 1306 156auctoritas
335 1245 447 1306 subest.
479 1244 615 1306 blovcndi
638 1253 733 1305 autem
747 1244 821 1304 ratio
837 1253 885 1306 aut
899 1245 928 1304 in
941 1257 1173 1324 repraesentan-

165 1329 209 1389 dis
227 1338 272 1388 est
289 1339 338 1390 aut
358 1329 500 1390 imitandis
517 1328 678 1390 dilectibus.
713 1326 794 1406 lingo
816 1347 881 1388 cum
896 1329 986 1390 iudex
1001 1330 1032 1388 in
1047 1331 1173 1407 privatis

164 1422 212 1472 ant
232 1429 340 1490 praeco
363 1414 394 1471 in
412 1413 537 1492 publicis
557 1413 657 1474 dicere
683 1413 719 1473 de
742 1430 829 1473 causa
844 1413 976 1472 iusserit:
999 1413 1114 1474 leniter
1128 1423 1171 1474 est

164 1496 410 1573 consurgendum
427 1506 484 1557 tum
500 1497 528 1555 in
544 1495 743 1576 componenda
755 1505 824 1574 toga
838 1489 898 1572 vel,
915 1497 940 1555 si
954 1513 1087 1556 necesse
1105 1499 1169 1573 erit,

164 1580 249 1640 etiam
267 1597 305 1638 ex
326 1581 440 1656 integro
458 1580 626 1656 inliciendo,
652 1581 787 1640 duntaxat
801 1582 829 1639 in
845 1579 957 1640 iudiciis
974 1581 1070 1658 (apud
1093 1583 1169 1660 prin-

164 1663 260 1740 cipem
276 1663 350 1722 enim
367 1671 396 1722 et
417 1665 600 1741 magistratus
623 1682 657 1724 ac
674 1663 826 1724 tribunalia
843 1680 900 1723 non
915 1663 1033 1743 licebit)
1051 1664 1168 1744 paulum

73 1769 75 1776 ·
164 1745 409 1823 commorandum,-
424 1757 455 1806 nt
470 1756 499 1806 et
513 1749 633 1808 amictus
649 1748 685 1806 sit
700 1747 851 1807 decentior
866 1756 896 1807 et
910 1748 1044 1826 protinus
1059 1747 1168 1826 aliquid

104 1838 156 1894 157
164 1829 309 1909 spatii'ad
331 1831 523 1909 cogitandum.
557 1829 650 1892 liciam
668 1849 731 1891 cum
748 1832 783 1891 ad
799 1829 924 1890 iudicem
939 1847 994 1890 nos
1011 1839 1166 1892 converte·

162 1915 267 1990 rimus,
293 1924 322 1974 et
338 1915 485 1990 consultus
502 1924 621 1993 praetor
637 1915 802 1994 permiserit
817 1915 934 1974 dicere:
956 1931 1015 1974 non
1033 1915 1164 1993 protinus

164 2007 208 2057 est
224 1998 447 2076 erumpendum,
472 1998 525 2058 sed
548 1998 640 2059 danda
662 1998 761 2058 brevis
783 1999 952 2076 cogitationi
969 2015 1061 2058 mora.
1093 1997 1163 2058 llire

163 2083 238 2142 enim
253 2081 411 2142 auditurum
429 2082 531 2142 dicturi
548 2100 615 2143 cura
631 2081 774 2158 delectat,
796 2090 826 2142 et
845 2081 933 2142 iudex
953 2100 987 2142 se
1005 2081 1073 2161 ipse
1089 2099 1163 2143 conr·

105 2165 252 2244 158ponit.
280 2164 344 2225 lloc
360 2167 503 2244 praecipit
515 2164 657 2226 Homerus
671 2163 764 2225 Ulixis
780 2165 927 2243 exemplo,
945 2184 1032 2245 quem
1046 2167 1165 2242 stetisse

162 2250 258 2311 oculis
274 2251 306 2310 in
325 2259 442 2310 terram
462 2249 573 2327 deficis
586 2251 766 2326 immotoque
787 2257 924 2327 sceptro,
947 2250 1115 2328 priusquam
1130 2249 1162 2309 il·
1215 2293 1216 2300 ι

162 2333 219 2393 lam
236 2331 421 2412 eloquentiae
439 2333 600 2412 procellam
616 2332 794 2409 effunderet,
818 2333 895 2393 dicit.
928 2332 960 2392 ln
976 2333 1032 2394 bac
1050 2341 1161 2394 cuncta·

161 2417 241 2476 tione
266 2425 331 2474 sunt
356 2415 497 2494 quaedam
520 2435 578 2476 non
604 2417 791 2492 indecentes,
818 2426 848 2476 ut
871 2416 1021 2495 appellant
1042 2417 1162 2492 scenici,

162 2515 278 2558 morae:
301 2507 385 2577 caput
402 2498 548 2576 mulcere,
571 2519 684 2561 manum
700 2501 820 2576 intueri,
837 2493 995 2578 intringere
1013 2500 1159 2576 articulos,
1214 2541 1216 2582 4

162 2581 298 2643 simulare
326 2591 477 2659 conatum,
509 2585 702 2663 suspiratione
731 2583 953 2646 sollicitudinem
980 2582 1083 2660 fateri,
1115 2593 1159 2645 aut
1215 2589 1216 2608 ³

162 2666 240 2744 quod
257 2685 399 2746 quemque
415 2667 507 2745 magis
527 2668 629 2744 decet,
647 2684 740 2745 eaque
756 2667 874 2744 diutius,
896 2670 921 2728 si
936 2667 1025 2728 index
1039 2668 1157 2728 nondum

104 2757 156 2814 159
163 2749 292 2809 intendet
309 2751 439 2810 animum.
472 2751 569 2812 Status
586 2752 701 2830 quidem
717 2760 816 2811 rectus
836 2751 871 2811 sit
894 2751 947 2812 sed
968 2751 1077 2813 diducti
1092 2769 1155 2830 pau·

162 2832 220 2893 lum
241 2834 335 2911 pedes
354 2834 404 2895 vel
430 2834 597 2914 procedens
614 2835 729 2894 minimo
750 2843 894 2895 momento
910 2836 1042 2905 sinister;
1066 2851 1155 2912 genua

162 2925 254 2991 recte,
271 2918 314 2977 sic
328 2926 435 2995 tamen,
451 2925 481 2978 ut
497 2936 554 2979 uon
572 2917 771 2978 extendantur.
794 2917 910 2979 Humeri
926 2918 1051 2996 remissi,
1067 2918 1156 2979 uultus

163 3017 302 3076 seuerus,
325 3019 382 3062 non
396 3011 524 3062 maestus
539 3020 595 3062 nec
609 3011 730 3081 stupens
744 3020 800 3062 nec
822 3002 986 3081 languidum
1008 3001 1153 3063 brachiaa

154 3083 255 3151 latere
272 3084 387 3145 modice
402 3094 530 3156 remota;
546 3103 646 3146 manus
662 3087 793 3162 sinistra,
812 3085 928 3165 qualem
941 3103 1029 3165 supra
1043 3085 1152 3146 demon·

162 3168 267 3236 stravi;
291 3168 403 3245 dextra,
420 3188 483 3230 cum
499 3170 554 3254 iam
569 3170 761 3248 incipiendum
778 3171 843 3246 erit,
860 3170 975 3249 paulum
991 3168 1100 3249 prolata
1115 3169 1151 3228 nl·

162 3258 206 3312 tra
223 3252 313 3311 sinum
328 3261 413 3330 gestu
429 3271 513 3333 quam
527 3253 749 3330 modestissimo,
765 3254 846 3315 velut
861 3262 1031 3333 expectans,
1047 3251 1151 3332 quando

107 3334 355 3412 todincipieudum
382 3339 428 3398 sit.
460 3337 571 3400 Vitiosa
599 3338 673 3398 enim
694 3347 759 3398 sunt
782 3337 849 3414 illa,
876 3337 980 3398 intueri
1005 3336 1149 3411 lacunaris,
1189 3333 1194 3344 “

87 3499 97 3508 1
162 3418 324 3496 perfricare
346 3419 450 3480 faciem
473 3432 500 3484 et
517 3425 598 3502 quasi
615 3424 775 3504 improbam
793 3421 911 3500 iacere,
934 3419 1055 3482 tendere
1071 3417 1148 3482 coni·
