2494 3952
340 242 779 312 rusn.onnnon.n1s.n,1.
1017 234 1076 296 195

65 420 178 481 reque,
204 416 279 479 quae
304 405 404 458 natura
428 413 485 456 non
508 407 572 458 sunt
592 398 833 478 reprehendenda
855 409 941 480 atque
964 402 1076 461 interim
1181 423 1184 428 ·

66 495 136 546 sunt
150 483 334 558 necessaria,
352 478 421 541 alibi
436 498 520 559 quam
536 499 599 541 mos
617 483 781 561 permiserit
797 487 891 563 turpia
907 484 1075 545 habeantur.

65 570 145 630 lllud
160 566 370 640 iam-diximus,
397 573 502 643 quanto
526 565 591 643 plus
615 567 717 626 nitoris
739 576 768 625 et
789 567 882 627 cultus
899 567 1119 632 demonstra-48

59 655 148 717 ,tivac
169 650 325 726 materiae,
349 657 380 708 ut
403 648 439 708 ad
456 647 678 710 delectationem
696 648 868 710 audientium
884 653 1075 730 compositae,

68 754 167 816 quam,
186 751 261 812 quae
279 740 344 792 sunt
360 733 388 791 in
404 740 469 791 actu
489 740 517 792 et
534 735 730 806 contentione,
747 735 897 794 suasoriae
913 735 1077 795 iudiciales-

68 837 129 898 que
146 819 320 898 permittant.

156 902 220 962 Hoc
236 899 329 960 adbuc
345 897 549 975 adiiciendum,
567 900 678 978 aliquas
695 903 797 976 etiam,
822 920 895 980 quae
912 910 977 960 sunt
993 917 1077 978 egre·
1155 915 1156 918 ’

67 989 138 1066 giae
155 985 268 1046 dicendi
283 985 416 1058 virtutes,
434 1001 490 1061 quo
507 985 597 1042 miuus
614 985 748 1061 deceant,
765 985 843 1044 ellici
857 985 1077 1045 condicione

4 1093 5 1104 ¹
68 1084 271 1131 causarum.
303 1067 348 1126 lln
364 1068 513 1146 quisquam
528 1066 626 1126 tulerit
641 1085 721 1128 reum
735 1069 763 1128 in
780 1069 945 1129 discrimine
963 1069 1120 1146 capitis,49

4 1163 5 1224 j
67 1152 333 1234 praecipuequesi
353 1150 429 1228 apud
443 1153 584 1211 victorem
602 1159 631 1210 et
652 1153 811 1231 principem
833 1170 887 1230 pro
905 1171 939 1212 se
954 1153 1077 1230 ipse-di·

4 1239 5 1244 ’
69 1247 135 1310 cat,
152 1235 305 1314 ¹frequenti
325 1233 529 1310 translatione,
558 1235 632 1295 lictis
653 1243 701 1294 aut
720 1237 853 1315 repetitis
874 1254 912 1296 ex
933 1244 1077 1295 vetustate

67 1319 186 1394 verbis,
208 1318 419 1397 compositione
439 1336 513 1396 quae
531 1319 568 1378 sit
582 1319 704 1378 maxime
722 1319 865 1397 evulgari
883 1338 936 1379 usu
955 1327 1077 1395 remota,

69 1401 292 1464 decurrentibus
308 1401 454 1480 periodis,
479 1419 563 1481 quarn
586 1402 749 1462 laetissimis
771 1404 845 1464 locis
867 1403 1077 1481 sententiisque

70 1482 238 1550 dicentem?
269 1484 334 1544 Non
350 1485 472 1563 perdant
494 1486 567 1545 baec
584 1487 677 1546 omnia
691 1489 888 1548 necessarium
904 1485 1078 1566 periclitanti

69 1569 274 1631 sollicitudinis
290 1567 430 1643 colorem,
447 1570 659 1648 petendumque
675 1572 759 1630 etiam
776 1571 975 1631 innocentibus
993 1571 1078 1629 mise·

69 1654 216 1714 ricordiae
235 1653 392 1712 auxilium?
424 1650 684 1713 Commoveaturne
704 1656 853 1734 quisquam
873 1656 937 1714 eius
952 1654 1122 1725 fortunato

70 1755 158 1816 quem
174 1736 307 1796 tumidum
324 1753 358 1796 ac
374 1737 417 1794 sui
433 1737 585 1796 iactantem
601 1745 630 1795 et
646 1737 826 1799 ambitiosum
840 1740 1000 1797 institorem
1017 1737 1078 1796 elo-

72 1821 209 1898 quentiae
232 1821 260 1878 iu
285 1819 402 1899 ancipiti
425 1829 506 1879 sorte
531 1817 649 1880 videat?
683 1819 748 1879 Non
773 1822 858 1880 immo
880 1821 974 1880 oderit
999 1838 1079 1879 reum

70 1903 164 1963 verba
188 1912 377 1980 aucupantem
401 1911 430 1962 et
450 1904 563 1971 anxium
585 1903 622 1962 de
643 1902 718 1964 lama
741 1905 864 1982 ingenii,
890 1912 918 1963 et
941 1905 986 1962 cui
1010 1921 1078 1962 esse

71 1987 183 2046 diserto
199 1983 307 2046 vacet?
339 1985 424 2060 ouon
443 1988 514 2046 mire
535 1985 573 2044 bt.
592 1985 709 2047 Caelius
725 1988 753 2048 in
771 1988 942 2047 defensione
961 2004 1077 2061 causae,
1087 1992 1120 2044 51

71 2088 130 2148 qua
152 2088 220 2129 reus
242 2070 278 2130 de
301 2069 419 2145 viluit,
446 2069 705 2148 comprehendisse
725 2071 839 2131 videtur
861 2070 943 2130 mibi:
967 2069 1014 2131 Ne
1029 2071 1081 2132 cui

4 2151 5 2176 ¹
69 2162 206 2216 oestrum
220 2161 311 2232 etque
325 2154 416 2214 etium
431 2156 571 2228 omnium,
588 2156 641 2231 qui
654 2155 700 2215 ad
715 2173 781 2216 rem
794 2157 946 2233 opeoduut
962 2161 1079 2228 cesant,

70 2255 159 2301 meaa
173 2245 227 2299 cut
240 2239 340 2299 cultus
354 2238 508 2299 molestior
521 2245 575 2298 aut
588 2255 648 2298 coc
662 2239 891 2300 immoderatior
905 2239 1012 2316 atiquo
1026 2244 1081 2298 out

71 2323 216 2399 denique,
231 2321 313 2399 quod
327 2322 480 2382 masmim
494 2328 548 2395 est,
570 2322 734 2382 iactantior
746 2333 851 2401 pestus
865 2322 962 2399 fuisse
975 2322 1079 2381 uideo·

69 2413 136 2467 tur.
174 2404 262 2483 Atqui
286 2413 351 2464 sunt
374 2404 512 2481 quaedam
538 2405 667 2464 actiones
688 2405 716 2465 iu
739 2405 953 2480 satisfactione,
975 2403 1123 2482 deme-52

72 2489 206 2564 catione,
234 2489 420 2548 confessione
446 2489 576 2566 positae:
608 2489 828 2549 sententiolisne
855 2488 978 2548 flendum
1005 2484 1080 2547 erit?

4 2579 5 2596 ³
73 2572 296 2650 epiphonemata
324 2581 371 2631 aut
390 2571 599 2647 enthymemata
622 2570 804 2632 exorabunt?
834 2572 916 2648 Non,
942 2571 1081 2651 quidquid

13 2653 16 2658 '
70 2657 162 2714 meris
178 2655 327 2716 adiicietur
342 2654 505 2730 affectibus,
521 2672 621 2715 omnes
637 2673 737 2715 eorum
752 2656 843 2717 diluet
855 2657 934 2715 vires
952 2664 981 2714 et
995 2657 1080 2714 mise·

72 2739 217 2798 rationem
237 2739 394 2798 securitate
418 2735 547 2798 laxabit?
579 2738 661 2816 Age,
684 2740 709 2798 si
732 2739 767 2799 de
793 2748 887 2799 morte
909 2738 958 2798 lilii
975 2739 1018 2797 sui
1034 2737 1124 2796 velt?

72 2823 193 2897 iniuria,
210 2839 285 2900 quae
300 2830 392 2882 morte
409 2824 445 2882 sit
460 2823 594 2899 gravior,
614 2822 765 2883 dicendum
781 2823 855 2902 patri
871 2823 970 2882 inerit:
989 2829 1036 2881 aut
1052 2822 1081 2880 iu
1186 2833 1190 2838 ’

73 2905 219 2965 narrando
240 2905 361 2982 gratiam
381 2905 458 2966 illam
475 2905 682 2983 expositionis,
707 2924 782 2985 quae
801 2907 949 2983 continget
967 2923 1004 2965 en
1019 2922 1080 2965 ser·
1169 2929 1173 2934 ·

72 3005 161 3070 mone
176 3005 249 3066 puro
267 2997 354 3066 atque
369 2988 512 3064 dilucido,
535 2998 673 3067 quaeret,
695 2989 822 3051 breviter
835 3007 870 3050 ac
885 2989 1083 3067 significanter

74 3071 206 3132 ordinem
222 3073 266 3132 rei
280 3072 439 3151 protulisse
460 3089 517 3132 non
533 3082 700 3142 contentus;
720 3084 768 3134 aut
783 3066 951 3152 argumenta'
966 3073 1083 3132 diducet

73 3158 104 3215 in
120 3155 227 3232 digitos
250 3164 279 3216 et
299 3157 529 3235 propositionum
550 3174 585 3216 ac
607 3157 790 3236 partitionum
808 3157 935 3236 captabit
950 3157 1081 3235 leporem

75 3248 121 3314 et,
146 3248 177 3298 ut
198 3238 368 3319 plerumque
390 3241 418 3300 in
435 3241 491 3300 boc
509 3257 618 3318 genere
633 3242 721 3300 moris
742 3250 802 3318 est,
825 3241 984 3301 intentione
1006 3238 1081 3299 omni

73 3323 198 3383 remissa
214 3321 371 3401 loquetur?
405 3322 470 3397 Quo
486 3323 594 3401 ingerit
607 3325 721 3384 interim
735 3324 820 3386 dolor
831 3321 903 3384 ille?
931 3323 979 3384 ubi
997 3322 1125 3386 lucri-bl

74 3423 142 3466 mac
163 3405 362 3468 substiterint?
390 3407 467 3469 unde
484 3425 517 3466 se
534 3408 563 3466 in
583 3408 705 3469 medium
720 3419 777 3469 tam
794 3425 898 3469 secura
914 3406 1080 3467 observatio

75 3491 180 3551 artium
209 3487 350 3551 miserit?
377 3490 443 3552 Nou
466 3491 502 3552 ab
533 3491 653 3551 exordio
689 3511 782 3572 usque
812 3491 1001 3636 ad13ultimam
1028 3507 1080 3550 vo·
