2494 3952
198 219 253 284 112
521 223 883 286 mnamomncmmrm

166 387 271 461 Siler,
288 382 431 445 assentio.
476 378 529 441 Est
549 380 641 458 figura
664 387 694 439 et
710 381 739 438 in
757 395 893 439 numero:
914 378 964 440 vel
981 397 1046 440 cam
1064 380 1201 460 singulari

194 466 315 548 pluralis
339 464 535 542 subiungitur,
562 465 676 525 Gladio
701 464 934 542 pupuocissimo
953 483 1031 542 psus
1054 464 1203 534 llomouis

193 571 271 632 pens
285 551 361 611 enim
376 565 414 609 ex
428 548 540 616 mallim
563 546 611 607 vel
629 565 666 606 ex
680 547 808 623 diverso,

443 664 487 679 -·
504 629 565 705 Qut
578 649 638 692 nou
654 633 753 692 sisere
768 633 906 709 porculi,
1223 639 1225 726 l

237 717 303 780 Nec
324 719 400 781 daus
422 717 502 778 huuc
516 733 621 776 memo
642 715 703 776 dcc
718 734 775 775 uec
792 713 921 793 utquam
937 714 1030 777 cubili
1045 724 1110 789 cst,·
1225 768 1226 806 p

165 800 240 866 stix
268 802 325 862 illis
347 801 437 877 enim,
465 799 518 878 qui
532 817 593 862 ooo
612 798 729 875 sisere,
751 798 799 858 hic
820 815 905 876 quem
927 813 986 858 non
1009 797 1139 876 dignata.
1173 799 1201 862 lc
1225 809 1226 824 ¹

195 888 314 946 Satura:

321 1003 362 1014 ·-
384 965 425 1029 Et
438 973 574 1029 nostrum
589 965 673 1027 istud
687 967 790 1026 cicero
808 967 894 1026 triste
908 962 1036 1044 rispetti,

195 1070 259 1112 cum
281 1052 390 1112 infinito
410 1050 501 1111 verbo
524 1051 562 1110 sit
580 1053 650 1109 usas
670 1065 724 1127 pro
742 1047 956 1128 appellatione;
983 1057 1115 1110 nostram
1131 1052 1202 1111 enin

193 1136 280 1196 vitam
295 1135 356 1196 vult
372 1134 504 1212 intelligi.
543 1132 655 1194 Utimur
670 1140 700 1192 et
713 1133 805 1193 verbo
820 1148 875 1210 pro
889 1133 1059 1212 participio:

441 1217 588 1297 Mopsum
609 1218 666 1279 slot
682 1217 769 1295 serre
788 1216 945 1292 talentum,

152 1304 187 1359 lo
196 1309 330 1380 tanquam
339 1303 522 1380 fereadum
537 1310 566 1360 et
575 1301 728 1380 participio
740 1317 794 1379 pro
806 1298 914 1360 verbo:
934 1297 1006 1362 Volo
1018 1301 1137 1363 datum.
1160 1301 1200 1363 ln·

194 1386 278 1444 terim
286 1387 370 1445 etiam
378 1385 500 1446 dubitari
509 1393 617 1463 potest,
629 1386 674 1446 cui
684 1385 753 1444 vitio
767 1383 859 1443 simile
869 1383 1047 1444 sitsclrema:
1062 1393 1094 1444 nt
1107 1387 1136 1445 in
1148 1385 1201 1446 hoc

444 1467 548 1530 Virtus
562 1477 608 1529 est
627 1469 732 1530 citium
747 1469 876 1549 supere:
897 1503 956 1526 -.
1226 1483 1229 1558 p

194 1560 242 1613 ant
263 1551 337 1610 enim
353 1560 452 1628 partes
477 1551 616 1611 orationis
633 1560 722 1612 mutat
740 1569 777 1612 ex
798 1550 849 1610 illo
870 1547 974 1612 Virtus
994 1558 1040 1612 ost
1058 1552 1139 1631 supa
1158 1555 1200 1613 oi-
1228 1560 1230 1580 ²

194 1637 322 1711 tiorum,
341 1641 390 1692 aut
405 1652 490 1694 casas
509 1652 547 1694 ex
562 1634 614 1694 illo
634 1633 761 1698 Virtutis
776 1642 821 1696 est
834 1633 939 1696 mltum
953 1635 1084 1714 superer
1114 1635 1199 1696 molto

194 1728 290 1778 tamen
310 1715 368 1778 hoc
383 1726 507 1798 utroque
526 1719 689 1780 excitatius.
734 1718 891 1796 Iunguntur
906 1718 1019 1777 interim
1034 1718 1199 1780 schemata:
1229 1758 1231 1772 ι

194 1801 356 1864 Sthenelus
376 1803 478 1864 seierus
498 1819 645 1882 pupuoes
673 1811 718 1862 ast
745 1804 819 1862 enim
840 1802 937 1864 scitus
960 1799 1128 1864 Sthenelus
1144 1820 1202 1881 po-

152 1896 184 1950 ll
191 1887 321 1967 puoudi.
355 1884 579 1946 Transieruntur
594 1894 624 1946 et
638 1894 786 1965 tempora:
806 1883 1017 1946 Timarchides
1027 1895 1123 1964 nepot
1138 1904 1202 1948 essa

193 1973 223 2034 ei
240 1971 414 2049 periculum
433 1989 454 2031 a
468 1971 588 2046 securi,
609 1969 765 2047 (praesens
783 1969 856 2028 enim
875 1985 929 2046 pro
945 1971 1108 2047 praeterito
1125 1969 1201 2049 posi·
1231 2033 1232 2036 ,

192 2063 251 2113 tum
268 2055 328 2133 est)
346 2062 376 2114 et
391 2053 498 2113 statas':

359 2135 426 2199 Hoc
439 2135 568 2199 ithacus
581 2137 671 2206 colit,-

195 2230 239 2297 et,
264 2239 300 2280 ne
321 2237 432 2295 morer,
456 2238 511 2298 per
526 2220 620 2280 omnia
637 2237 763 2297 genera,
786 2237 842 2298 per
857 2235 931 2299 qaae
949 2219 980 2280 iit
994 2219 1200 2280 soloecismus.

152 2303 276 2366 milace
294 2322 410 2384 quoque
432 2313 492 2381 est,
515 2321 598 2382 quam
616 2301 750 2383 ἐνέροισιν
768 2312 890 2380 vocant,
912 2302 958 2363 cui
978 2319 1036 2364 non
1053 2302 1202 2363 dissimilis

166 2378 336 2467 ’ἐξαλλαγὴ
358 2389 477 2448 dicitur:
499 2396 530 2447 ut
549 2388 625 2467 apud
647 2387 813 2448 Sallustium
830 2385 936 2465 Neque
956 2404 994 2449 co
1016 2405 1069 2449 res
1086 2387 1202 2466 salsum

193 2489 242 2532 me
253 2471 359 2532 hahuit
375 2477 404 2529 et
419 2469 504 2532 Duci
512 2471 658 2550 probare.
695 2469 742 2530 Ex
757 2470 860 2550 quihus
875 2469 938 2530 iere
957 2480 1078 2550 praeter
1091 2471 1201 2530 novita-
1231 2499 1232 2538 ι

194 2564 252 2614 tem
268 2552 395 2615 brevitas
411 2556 496 2614 etiam
512 2555 572 2632 peti
587 2554 674 2614 solet.
707 2553 789 2616 llnde
808 2572 938 2632 eousque
955 2571 1133 2632 processum
1149 2561 1202 2629 est,
1230 2555 1232 2602 l

193 2647 224 2697 at
248 2657 308 2700 uou
330 2640 524 2718 poeniturum
548 2655 602 2716 pro
621 2655 680 2699 non
694 2648 794 2699 acturo
809 2640 1014 2716 poenitentiam
1036 2646 1066 2697 et
1081 2639 1205 2699 uisuros
1230 2607 1232 2696 l

47 2702 50 2708 ¹
152 2722 228 2784 liud
245 2721 398 2783 videndum
419 2723 523 2781 missos
541 2721 617 2782 idem
638 2731 739 2782 auctor
756 2721 870 2782 dixerit.
911 2720 994 2794 Quae
1010 2720 1063 2781 ilie
1087 2721 1204 2802 quidem

193 2806 299 2865 iecerit
314 2806 480 2880 schemata,
506 2822 542 2865 an
559 2805 636 2865 idem
656 2806 757 2865 vocari
777 2805 907 2883 possint,
933 2804 1108 2881 videntum,
1140 2804 1204 2883 quia

194 2896 315 2966 recepta
337 2889 402 2949 sint.
453 2887 525 2949 Nam
549 2888 679 2968 receptis
708 2889 793 2950 etiam
817 2889 906 2968 vulgo
929 2897 1049 2949 anctore
1073 2885 1204 2950 contenti

193 2989 307 3032 sumus:
333 2982 364 3033 ut
380 2990 454 3031 nunc
470 2971 578 3032 evaluit
592 2973 685 3034 rebus
700 2973 876 3052 apsntibus,
896 2972 973 3050 qnod
988 2971 1085 3031 Pollio
1106 2973 1138 3032 in
1153 2969 1203 3031 Le·

195 3055 281 3116 bieno
306 3054 437 3132 damnat,
460 3064 490 3114 et
511 3058 721 3118 coutumeliam
740 3057 830 3136 fecit,
853 3056 932 3137 qaod
954 3053 1138 3116 aGioerone
1159 3070 1202 3114 re·

154 3138 334 3218 reprehendi
349 3148 447 3199 notum
465 3149 524 3207 est;
547 3139 634 3218 offici
650 3141 725 3198 enim
741 3140 925 3202 contumelio
945 3139 1091 3199 dicebant.
1137 3137 1202 3198 Alit

196 3223 405 3283 commendatio
419 3224 587 3300 vetustatis,
608 3223 694 3283 caius
704 3231 814 3285 amator
827 3225 912 3284 unice
923 3222 1071 3300 Vergilias
1087 3223 1162 3283 init:

282 3304 337 3367 Vel
352 3324 420 3368 cum
433 3325 467 3368 sc
479 3307 625 3385 pavidum
641 3315 749 3369 contra
764 3327 832 3370 mco
849 3307 954 3386 iurpio
968 3309 1084 3377 icoleis

280 3388 459 3534 {ropeuiem
474 3391 624 3453 sedenim
638 3389 772 3454 i'roiouo
786 3409 807 3453 o
827 3391 977 3470 suupuiue
996 3390 1069 3453 duci

308 3475 440 3538 udierot.
