2470 3962
316 182 807 250 rusr.0nurore.nrn.x11,s.o.
1003 174 1063 237 253

50 343 210 416 stantiam,
240 340 390 415 fiduciam,
423 338 618 400 tortitudinem
642 338 713 400 nihil
738 357 802 415 ars,
833 339 901 400 nihil
931 340 1062 416 studium,

49 426 130 487 nihil
146 424 298 504 proiectus
314 425 378 503 ipse
394 423 551 501 profuerim
578 431 608 482 ut
625 425 649 482 si
671 422 724 482 des
740 441 818 484 arma
833 423 938 483 timidis
962 432 992 484 et
1012 425 1064 484 irn-

48 509 199 570 bellibus.
232 507 340 568 Invitus
363 506 530 566 mehercule
554 506 637 582 dico,
660 507 794 585 quoniam
815 515 845 566 et
864 507 948 568 aliter
969 508 1064 586 accipi

49 601 176 674 potest,
197 593 288 671 ipsam
304 591 524 666 verecundiam,
545 592 643 650 vitium
659 589 774 668 quidem
793 590 846 650 sed
868 589 1009 665 amabile,
1034 600 1065 651 et

50 693 136 757 quae
152 676 274 735 virtutes
297 673 435 735 facillime
451 682 592 751 generet,
616 691 684 734 esse
698 675 773 734 inter
788 673 927 749 adversa,
953 673 1063 734 multis-

50 777 118 841 que
139 761 169 819 in
192 775 279 819 causa
294 758 402 833 luisse,
425 757 548 818 utbona
568 757 677 835 ingenii
691 757 835 837 studiique
850 760 880 817 in
895 757 989 818 lucem
1006 775 1063 817 non

50 842 175 924 prolate
190 844 246 902 situ
262 842 386 920 quoduun
401 843 509 901 secreti
526 849 773 909 consumerentur.
804 842 884 902 Sciat
905 850 1018 916 eutem,
1039 842 1091 906 sia

51 929 126 1007 quis
143 926 219 986 haec
240 925 316 986 forte
332 925 425 984 minus
445 925 538 984 adhuc
553 926 664 1004 peritus
679 925 873 1002 distinguendi
887 926 945 984 vim
968 926 1062 985 euius·

52 1029 117 1090 que
133 1009 220 1070 verbi
234 1009 333 1086 leget,
355 1025 413 1068 non
427 1007 600 1086 probitatem
618 1027 635 1068 a
652 1026 699 1072 me
720 1007 898 1088 reprehendi
914 1008 966 1072 sed
980 1026 1064 1069 vere-

55 1094 213 1168 cundiam,
240 1110 313 1171 quae
337 1100 383 1152 est
403 1092 488 1152 timor
508 1093 622 1170 quidam
644 1092 791 1153 reducens
814 1095 936 1155 animum
956 1093 991 1153 ab
1015 1095 1061 1168 iis,
1083 1150 1086 1158 .

52 1195 136 1258 quae
156 1176 288 1236 iacienda
310 1183 391 1252 suut,
414 1175 489 1235 unde
514 1177 646 1236 conlusio
669 1185 698 1236 et
716 1179 815 1254 coepti
838 1176 1015 1255 poenitentia
1033 1186 1064 1236 et

53 1261 184 1322 subitum
211 1260 365 1321 silentium.
403 1258 474 1332 Quis
500 1275 590 1338 porro
612 1254 723 1320 dubitet
744 1260 820 1320 vitiis
846 1259 996 1321 ascribere
1021 1259 1062 1320 ai·

53 1347 187 1418 fectum,
213 1353 336 1422 propter
358 1359 443 1422 quem
464 1343 564 1403 lacere
587 1343 710 1404 honesta
732 1340 844 1422 pudet?
874 1342 978 1423 Neque
1004 1352 1090 1420 eget

54 1446 162 1489 rursus
183 1427 252 1488 nolo
273 1443 354 1501 eum,
379 1428 427 1505 qui
443 1428 481 1488 sit
495 1425 640 1500 dicturus,
666 1435 696 1486 et
718 1426 874 1488 sollicitum
895 1445 1018 1504 surgere
1035 1436 1067 1488 et.

53 1511 194 1574 colorem
208 1519 318 1572 mutare
342 1518 372 1572 et
386 1510 547 1588 periculum
568 1511 749 1589 intelligere;
775 1529 850 1590 quae
868 1511 892 1570 si
906 1528 965 1571 non
984 1513 1060 1572 aeci·

49 1598 144 1671 dent,
168 1595 253 1654 etiam
274 1593 433 1655 simulanda
454 1603 546 1654 erunt.
585 1595 644 1656 Sed
659 1593 825 1656 intellectus
846 1595 893 1655 hic
910 1596 947 1655 sit
963 1596 1061 1673 operis

53 1696 117 1741 non
132 1686 242 1753 metus,
269 1694 493 1756 mereamurque
510 1695 566 1736 non
585 1677 783 1760 concidamus:
817 1677 931 1756 Optima
951 1687 996 1738 est
1013 1697 1061 1738 au·

54 1775 118 1825 tem
141 1759 302 1822 emendatio
325 1761 520 1821 verecundiae
542 1761 661 1836 liducia,
685 1769 715 1821 et
736 1761 894 1840 quamlibet
915 1761 1061 1823 imbecilla

53 1847 141 1906 frons
158 1861 263 1922 magna
281 1846 458 1905 conscientia
475 1847 640 1906 sustinetur.

145 1930 217 1989 Sunt
241 1937 271 1988 et
285 1928 447 2003 naturalia,
471 1936 501 1987 ut
525 1929 708 2007 supradixi,
731 1945 806 2008 quae
827 1937 922 1990 tamen
945 1938 974 1989 et
991 1942 1090 1992 curat>

54 2016 206 2088 iuvantur,
227 2014 432 2086 instrumenta,
455 2027 544 2088 vox,
560 2012 678 2088 latus,
703 2013 831 2080 decor:
855 2031 930 2091 quae
947 2013 1062 2092 quidem

54 2105 166 2158 tanturn
184 2095 298 2171 valent,
319 2104 350 2155 ut
371 2095 540 2173 frequenter
557 2095 661 2157 lamam
683 2097 790 2174 ingenii
810 2096 927 2156 iaciant.
944 2095 1063 2157 'llabuit

55 2189 194 2241 oratores
209 2189 290 2239 aetas
308 2189 407 2259 nostre
424 2181 618 2255 copiosiores,
635 2180 699 2253 sed,
716 2197 779 2242 oum
793 2179 917 2255 diceret,
934 2182 1063 2240 eminere

55 2265 134 2333 inter
154 2261 468 2345 sequales'lrachalus
489 2262 652 2324 ridebatur.
684 2261 728 2324 Ea
743 2264 881 2342 ,corporis
902 2263 1087 2324 sublimitas.

56 2355 140 2423 erat,
159 2347 184 2406 is
200 2346 286 2407 ardor
304 2346 468 2422 oculorum,
484 2345 587 2406 frontis
605 2347 776 2422 auctoritas,
792 2355 895 2424 gestus
912 2356 1061 2425 praestan·

55 2434 116 2506 tia,
136 2446 195 2490 vox
215 2429 330 2508 quidem
344 2446 417 2504 non,
437 2438 468 2490 ut
485 2426 591 2490 cicero
607 2429 773 2507 desiderat,
797 2448 892 2510 paene
905 2431 1060 2510 tragoedo·

54 2531 119 2575 rum
132 2513 185 2574 sed
201 2531 291 2593 super
308 2531 420 2587 omues,
438 2530 511 2592 quos
528 2529 585 2591 ego
597 2514 712 2592 quidem
725 2513 874 2588 audierim,
893 2515 1060 2592 tragoedos.

56 2595 147 2658 Certe
165 2615 229 2657 cum
244 2599 273 2660 in
287 2597 408 2658 basilica
423 2596 495 2657 lulio
511 2597 623 2658 diceret
638 2599 731 2676 primo
749 2597 899 2672 tribunali,
926 2606 1088 2677 quattuoro

56 2690 155 2742 autem
171 2679 292 2756 iudicia,
319 2690 347 2741 ut
363 2682 450 2740 moris
468 2689 530 2756 est,
558 2690 749 2757 cogerentur,
775 2689 862 2760 atque
884 2682 978 2741 omnia
1002 2681 1060 2742 ola-

19 2839 22 2844 ,
54 2763 186 2825 moribus
201 2764 376 2824 fremerent:
405 2773 435 2824 et
450 2765 576 2826 auditum
591 2781 655 2824 eum
672 2772 701 2824 et
715 2763 895 2824 intellectum
913 2773 959 2840 et,
983 2766 1061 2844 quod

55 2847 211 2925 agentibus
229 2849 336 2908 ceteris
353 2847 673 2908 contumeliosissimum
690 2847 758 2923 luit,
783 2847 926 2908 laudatum
942 2865 1060 2928 quoque

9 2975 11 2980 ,
57 2949 96 2991 ex
112 2939 249 3011 quattuor
266 2930 455 2991 tribunalibus
470 2932 594 2992 memini.
629 2930 688 2990 Sed
705 2931 762 2992 hoc
777 2941 874 2992 votum
889 2939 935 3010 est
950 2941 979 2992 et
996 2949 1061 2992 rara
1183 3001 1186 3006 .

54 3015 200 3082 felicitas:
218 3033 293 3093 quoe
310 3017 408 3074 sinon
425 3015 510 3074 assit:
527 3033 596 3074 sane
614 3014 739 3076 sufficiet
754 3015 790 3076 ab
807 3015 858 3090 iis,
877 3015 981 3094 quibus
997 3017 1060 3094 quis
1087 3069 1090 3074 ,

56 3096 141 3173 dicit,
160 3098 261 3158 audiri.
300 3097 378 3159 l'alis
396 3114 464 3158 esse
480 3097 569 3158 debet
584 3107 684 3158 orator
699 3106 729 3158 et
743 3098 817 3159 haec
835 3099 921 3158 scire.

168 3249 254 3309 QUOD
274 3247 325 3300 SIT
344 3249 520 3302 INCIPIENDI
539 3248 666 3302 CAUSAS
682 3250 792 3302 AGERE
811 3248 947 3305 TEMPUS.

143 3345 192 3405 Vl.
221 3344 363 3424 Agendi
386 3355 480 3406 autem
502 3349 644 3407 initium
665 3348 728 3407 sine
744 3345 831 3408 dubio
846 3347 1003 3408 secundum
1017 3347 1059 3406 vi·

56 3445 105 3488 res
137 3430 277 3509 cuiusque
305 3429 471 3492 sumendum
496 3439 550 3490 est.
588 3429 692 3510 Neque
716 3446 773 3508 ego
795 3445 885 3492 annos
915 3430 1058 3506 definiam,
