2494 3952
86 3688 136 3699 Α

202 238 260 298 124
507 251 544 297 ιι.
562 251 640 298 suu.
659 251 878 309 outnurumnr

197 406 326 472 der-unm
345 422 418 478 nes,
441 405 523 482 quod
540 393 597 466 scii
617 406 804 482 accepimus,
823 407 856 466 in
875 423 978 468 ornnes
1004 415 1110 470 terroe
1132 410 1188 473 dia

152 487 363 553 animaremur
405 485 451 548 Fit
470 489 555 547 etiam
577 497 722 586 assumpta
742 487 793 547 iiia
798 488 921 586 figura,
949 507 1006 567 qua
1027 491 1120 551 verba
1147 491 1184 550 de·

195 570 301 630 clinata
316 578 495 649 repetuntur,
510 571 586 648 quod
601 560 810 650 ἆντιμεταβοὶὴ
821 571 940 632 dicitur:
957 571 1037 649 Non,
1050 583 1083 634 ut
1094 577 1196 650 edon,

195 656 281 722 oico‚·
302 656 374 731 sed,
397 662 430 714 at
449 657 561 724 means,
585 657 653 717 edo.
690 653 728 714 Et
746 654 823 732 quod
840 655 915 733 apud
930 653 1107 716 Ciceronem
1130 675 1188 718 cor·

195 756 310 798 versum
335 739 374 798 ita
399 746 458 813 est,
484 747 532 812 ut,
558 756 621 798 oum
643 739 827 798 mutationem
849 756 933 800 casus
960 739 1083 815 habeat,
1113 742 1197 800 etian

195 821 328 882 similiter
354 822 480 881 desinat:
514 820 551 883 Ut
581 830 611 883 et
635 825 703 885 sine
726 822 844 883 incidie
873 823 965 900 calpa
988 825 1150 900 plectatur
1166 833 1199 895 cta

151 907 260 970 mane
274 906 367 984 crdpa
380 906 498 966 irroidic
510 913 651 984 ponatur.
682 904 765 978 Quod
782 914 810 964 et
828 906 931 966 eodem
947 905 1072 966 cluditur
1086 908 1185 967 verino:

194 998 225 1048 ut
241 989 317 1066 quod
331 989 399 1049 dicit
416 988 453 1047 de
471 987 590 1064 Roscio,
607 986 735 1064 Etenim,
757 1007 826 1050 cum
845 991 960 1068 artisec
981 992 1135 1052 dnornodi
1149 993 1188 1066 eit,

194 1081 227 1132 ut
246 1073 329 1133 sotus
350 1074 461 1150 dipnae
478 1073 622 1133 mdeetnr
643 1092 721 1148 esse,
742 1075 796 1151 qai
815 1091 940 1134 scenam
960 1074 1114 1142 introeet‚·
1136 1083 1190 1135 tun

146 1233 151 1239 ι
194 1156 244 1216 air
266 1157 412 1216 dmmcdi
438 1162 495 1231 cst,
525 1165 556 1216 at
574 1158 657 1218 soluo
674 1157 816 1218 mdeatur
836 1157 965 1236 dipnus,
993 1159 1046 1236 qni
1073 1177 1111 1220 eo
1139 1177 1194 1223 non

195 1241 335 1300 accedat.
362 1237 416 1299 Est
429 1241 496 1298 etin
508 1239 667 1300 nominibus
679 1257 717 1300 ex
728 1239 844 1300 dinemo
857 1240 1010 1301 collocatis
1022 1258 1074 1300 sua
1086 1243 1188 1318 gratia:

195 1321 231 1382 st
261 1321 374 1384 Conseri
400 1319 565 1385 Auctoratus:
591 1322 707 1384 Brutus
733 1324 843 1391 icatiec
868 1326 896 1384 ei
923 1333 1125 1387 conservator
1152 1326 1192 1386 rei

193 1406 338 1484 publicae
358 1405 492 1467 Brutus.-
511 1408 603 1468 tostis
624 1404 780 1471 Antoniae.

152 1499 187 1557 87
279 1489 354 1549 Olim
371 1489 453 1567 plura
468 1490 506 1550 de
523 1491 621 1567 figuris
638 1509 721 1569 quarn
735 1507 861 1550 necesse
876 1499 957 1566 erat,
973 1499 1003 1550 et
1018 1490 1114 1551 adhuc
1132 1495 1190 1567 erit,

196 1574 244 1651 qui
259 1581 340 1669 putet
355 1591 422 1632 esse
438 1573 572 1672 figuram:
587 1573 776 1638 Incredibile
797 1581 852 1651 esi,
873 1578 955 1653 quod
963 1575 1047 1650 dico,
1069 1577 1130 1636 scd
1144 1595 1193 1638 oe·

195 1675 283 1728 rum,·
317 1646 537 1736 ἆνθυποφορᾶν
561 1667 681 1726 vocant;
711 1668 740 1718 et
775 1655 894 1737 Adpetis
913 1658 970 1719 itoc
996 1660 1092 1722 semet
1117 1661 1190 1734 tottii,

194 1759 251 1818 epo
272 1740 334 1815 bis,
360 1758 415 1818 epo
434 1748 497 1816 ter,
523 1739 672 1817 sinitedem
699 1751 728 1802 et
756 1741 887 1821 Lonpins
907 1748 1029 1803 eccctuo
1046 1761 1118 1803 snm
1139 1705 1193 1805 aed

151 1824 289 1888 fleredeo
309 1825 353 1885 ad
372 1827 571 1903 propositum,
589 1820 713 1902 αφοδον.
750 1824 897 1900 Quaedam
912 1825 1069 1886 verborum
1085 1826 1192 1904 figurae

195 1907 311 1986 paulum
333 1907 432 1985 iiguris
456 1910 659 1970 sententiarum
680 1909 874 1985 declinantur,
892 1919 923 1968 ut
937 1908 1088 1970 dubitatio.
1125 1909 1192 1970 Nam

197 2009 260 2052 cum
278 1994 365 2052 estin
381 2009 429 2067 re,
451 1993 540 2072 priori
556 1995 630 2072 parti
645 1993 816 2070 assignanda
830 2003 888 2061 est;
905 2011 969 2052 cum
982 1993 1010 2052 in
1024 1993 1131 2070 verbo,
1150 2013 1190 2054 se·

196 2077 309 2158 quenti.
339 2074 411 2140 Sive
432 2097 479 2140 me
499 2079 644 2140 munuca
668 2079 733 2140 sice
759 2079 913 2139 stultitiam
934 2078 1040 2138 dicere
1068 2087 1190 2156 oportet.

153 2171 188 2227 89
197 2161 267 2222 Item
291 2163 481 2222 correctionis
503 2161 604 2222 eadem
627 2163 700 2222 ratio
724 2170 778 2221 est.
814 2159 886 2222 Nam
902 2161 979 2239 quod
995 2160 1057 2221 iilic
1073 2160 1190 2236 dubitat,

195 2248 242 2308 hic
263 2247 404 2306 emendat.
449 2244 542 2306 Etiam
562 2247 590 2306 in
618 2262 763 2324 personae
784 2244 900 2305 iictione
921 2245 1057 2305 accidere
1082 2246 1192 2324 quidam

195 2330 270 2390 idem
286 2338 468 2408 putaverunt,
484 2339 515 2389 ut
528 2331 556 2389 in
572 2329 670 2389 verbis
688 2337 769 2389 esset
785 2329 858 2389 haec
873 2328 978 2406 figura:
996 2325 1195 2392 Crudelitatie

195 2421 293 2476 mater
314 2421 357 2476 ert
378 2415 511 2475 coemtio
517 2435 531 2482 ,-
561 2422 590 2472 et
616 2412 691 2492 apud
711 2411 896 2474 Menandrum
926 2411 1063 2490 Oedipus
1089 2411 1191 2474 Thria-

193 2499 267 2558 sius.
300 2495 381 2555 Haec
393 2497 487 2556 omnia
505 2497 654 2574 copiosius
678 2506 743 2556 sunt
758 2499 884 2570 executi,
900 2497 947 2575 qui
963 2512 1019 2555 nou
1037 2505 1068 2556 ut
1084 2506 1192 2576 partem

195 2580 294 2658 operis
310 2588 540 2639 transcurrerunt
556 2580 606 2640 sed
623 2582 742 2660 proprie
757 2580 847 2640 libros
858 2579 926 2640 huic
942 2580 1025 2658 operi
1041 2579 1191 2641 dedicare·

195 2673 269 2739 runt,
282 2665 357 2723 sicut
368 2660 525 2739 Caecilius,
537 2662 704 2740 Dionysius,
718 2664 852 2739 Rutilius,
866 2661 1047 2738 Cornificius,
1054 2663 1193 2725 Visellius

195 2748 303 2825 aliique
326 2764 383 2807 non
406 2749 490 2825 pauci
498 2769 506 2815 ;
528 2748 582 2808 sed
605 2765 662 2808 non
682 2749 775 2807 minor
797 2749 851 2807 erit
876 2764 992 2822 eorum,
1015 2749 1063 2824 qui
1085 2750 1191 2820 vivunt,

152 2830 296 2908 90gloria.
333 2829 371 2890 Ut
394 2831 489 2891 fateor
508 2841 618 2907 autem,
646 2831 800 2908 verborum
831 2847 947 2909 quoqne
973 2831 1080 2907 figuras
1105 2847 1192 2910 posse

196 2914 295 2993 plures
311 2915 434 2994 reperiri
452 2933 468 2974 a
489 2915 674 2993 quibusdam:
690 2917 728 2974 ita
743 2917 788 2990 iis,
806 2933 880 2993 quae
896 2914 931 2974 ab
950 2913 1118 2974 auctoribus
1137 2914 1191 2974 cia·

195 3000 234 3058 ris
262 2998 410 3058 traduntur
436 2999 590 3074 meliores,
618 3016 676 3058 non
702 3000 855 3059 assentior.
892 2996 964 3058 Nam
984 2999 1012 3056 in
1032 2996 1135 3075 primis
1156 2995 1191 3056 ii,

196 3081 305 3141 Tullius
321 3081 424 3142 multas
441 3083 570 3141 intortio
586 3081 623 3142 de
641 3091 758 3142 oratore
776 3082 850 3142 libro
865 3083 971 3160 posuit,
988 3098 1060 3159 quas
1080 3082 1110 3141 in
1125 3080 1192 3141 Ora·

195 3175 260 3225 tore
278 3174 381 3243 postea
404 3166 513 3243 scripto
533 3167 708 3226 transeundo
724 3164 838 3225 videtur
858 3168 921 3243 ipse
939 3165 1106 3233 damnasse;
1127 3182 1193 3243 qua·

195 3267 256 3309 rom
273 3267 341 3327 pars
357 3257 420 3323 est,
426 3265 511 3346 ‘quae
527 3251 732 3309 sententiarum
753 3251 847 3328 potius
867 3267 950 3348 quam
964 3247 1122 3308 verborum
1141 3251 1193 3308 sit:

195 3342 226 3393 ut
240 3333 406 3407 imminutio,
425 3332 620 3410 improvisum,
636 3334 743 3410 imago,
760 3332 885 3431 sibiipsi
901 3333 1066 3411 responsio,
1083 3333 1194 3409 digres-

195 3417 256 3491 sio,
283 3417 452 3514 permissio,
485 3417 673 3491 contrarium,
701 3416 780 3494 (hoc
801 3419 875 3476 enim
890 3424 976 3496 puto,
999 3414 1076 3494 quod
1092 3415 1196 3475 dicitur

153 3505 187 3561 91
195 3494 382 3579 ἐναντιοτης)
406 3509 518 3579 sumpta
539 3518 575 3560 ex
591 3500 716 3560 adverso
733 3500 876 3580 probatio.
915 3499 1062 3575 Quaedam
1079 3500 1195 3560 omuino
