2470 3962
335 197 425 288 nisu.
439 227 588 288 cernon.
602 239 671 287 nis.
685 235 770 306 x1,3.
994 225 1060 290 *229
1163 271 1167 276 -

50 395 177 474 legere.
207 393 337 474 Namque
352 395 381 454 in
396 394 440 454 his
454 393 584 454 omnibus
600 401 629 453 et
641 385 688 452 *vis
703 392 752 454 illa
768 393 883 454 dicendi
899 393 1019 454 solvitur
1034 405 1062 456 et
1071 405 1118 460 133
1151 393 1155 406 '

46 480 197 557 frigescit
218 479 340 544 allectus
358 486 387 538 et
411 477 498 558 iudex
519 495 618 556 parum
636 476 691 536 sibi
714 479 856 556 praestari
876 479 1060 540 reverentiae

53 563 166 623 credit.
205 561 340 622 Transire
366 563 395 620 in
421 561 535 622 diversa
559 559 713 638 subsellia,
740 579 839 640 parum
864 563 1060 623 verecundum

53 654 114 706 est.
150 643 223 704 Nam
244 654 274 705 et
295 641 412 706 (lessius
434 646 562 706 Severus
583 644 693 704 urbane
716 645 857 705 adversus
879 646 936 706 hoc
951 645 1060 708 lacien-

51 727 117 790 t'em
133 729 227 790 lineas
242 730 387 808 poposcit.
414 727 451 788 llt
466 730 491 788 si
506 727 657 807 aliquando
675 729 818 789 concitate
832 731 902 790 itur:
919 747 1060 808 nunquam
1112 749 1114 758 ¹

7 847 9 854 ,
50 830 116 874 non
132 812 238 890 frigide
253 813 372 872 reditur.
400 811 517 872 blultnm
533 813 630 887 exiis,
647 829 722 890 qnae
738 814 943 893 praecipimus,
959 815 1061 873 mutari
1069 817 1118 872 134

52 913 187 958 necesse
204 905 249 956 est
269 896 374 972 abiis,
398 897 445 975 qui
467 896 563 955 dicunt
578 896 652 974 apud
668 895 830 957 tribunalia.
863 895 934 957 Nam
953 906 981 956 et
997 896 1059 958 vul-

7 1025 8 1028 .
53 989 104 1041 tus
122 980 265 1055 erectior,
282 988 408 1056 meum,
428 979 503 1058 apud
519 997 604 1058 quem
620 980 736 1056 dicitur,
754 988 884 1058 spectet;
902 989 930 1041 et
945 989 1058 1059 gestus,
1135 994 1142 1014 ²

7 1097 11 1138 7
52 1074 87 1124 ut
103 1064 142 1124 ad
159 1063 281 1124 eundem
295 1063 433 1139 tendens,
451 1062 555 1147 elatior
569 1065 620 1138 sit,
636 1081 761 1123 necesse
778 1073 837 1133 est;
854 1074 883 1125 et
899 1065 966 1140 alia,
985 1081 1059 1144 quae
1097 1130 1099 1134 Α

55 1164 220 1208 occurrere
241 1148 326 1208 etiam
350 1165 395 1207 me
417 1155 533 1207 tacente
556 1147 687 1207 omnibus
709 1157 839 1224 possunt.
871 1149 1001 1227 Itemque
1023 1147 1059 1208 ab

53 1233 110 1307 z'is,
136 1231 185 1309 qui
205 1231 343 1291 sedentes
368 1237 463 1308 agent.
494 1229 566 1290 Nam
582 1239 612 1290 et
626 1230 690 1291 iere
706 1231 736 1290 bt
749 1230 807 1292 hoc
820 1233 849 1291 in
863 1229 957 1292 rebus¹
969 1233 1059 1292 mino-

55 1314 157 1390 ribus,
180 1322 208 1373 et
223 1314 310 1375 iidem
329 1317 453 1394 impetos
469 1315 591 1376 actionis
607 1332 674 1374 esse
691 1332 748 1374 non
764 1324 901 1392 possunt,
925 1324 955 1375 et
970 1333 1058 1394 qnae·

57 1398 124 1459 dam
138 1399 207 1456 vitia
224 1398 292 1459 liunt
306 1399 483 1458 necessaria.
507 1397 579 1458 Nam
593 1407 623 1458 et
639 1398 743 1458 dexter
757 1417 811 1478 pes
828 1417 843 1459 a
859 1399 943 1460 laeva
958 1399 1116 1460 iudicis135

56 1481 174 1544 sedenti
191 1482 383 1559 proferendus
405 1491 465 1557 est,
489 1491 519 1542 et
536 1501 574 1542 ex
591 1482 681 1543 altera
697 1492 780 1560 parte
795 1483 875 1544 multi
891 1491 993 1561 gestus
1007 1500 1058 1542 ne·

58 1581 147 1626 cesse
165 1573 210 1625 est
225 1566 253 1624 in
273 1567 416 1625 sinistrum
433 1576 513 1641 eant,
537 1574 567 1625 ut
591 1567 625 1626 ad
648 1565 771 1626 iudicem
793 1575 937 1646 spectent.
969 1565 1057 1645 ltqui-

57 1647 304 1728 dem'plerosque
326 1657 356 1708 et
376 1649 411 1709 ad
433 1649 560 1726 singulas
583 1651 788 1711 sententiarum
810 1650 956 1712 clausulas
969 1650 1057 1710 video

19 1755 23 1760 ·
57 1741 247 1810 assurgentes
271 1742 301 1793 et
323 1732 477 1793 nonnullos
503 1731 626 1793 subinde
647 1734 754 1813 aliquid
778 1735 863 1795 etiam
886 1735 1056 1812 spatiantes,

59 1816 136 1896 quod
153 1833 188 1876 an
205 1816 327 1893 deceat,
348 1819 404 1896 ipsi
419 1816 557 1885 viderint;
583 1834 646 1876 oum
661 1816 690 1877 id
705 1816 825 1894 iaciunt,
846 1833 904 1877 non
919 1817 1057 1876 sedentes

58 1909 154 1976 agunt.
192 1899 299 1960 Bibere
320 1910 368 1961 aut
389 1902 473 1961 etiam
495 1917 562 1960 esse
587 1899 841 1978 interagendum,
864 1900 942 1979 quod
963 1899 1116 1964 multis136

58 1984 146 2043 moris
172 1983 223 2043 luit
242 1993 271 2044 et
293 1993 337 2044 est
358 1984 544 2064 quibusdam,
567 1984 603 2044 ab
627 1993 744 2046 oratore
765 2001 830 2044 meo
852 1983 954 2061 procul
971 1983 1062 2044 absit.¹

58 2065 129 2127 Nam
146 2069 170 2126 si
186 2069 248 2146 quis
266 2067 352 2128 aliter
367 2068 480 2129 dicendi
497 2085 586 2129 onera
601 2067 736 2147 perferre
751 2085 808 2128 non
823 2068 928 2147 possit,
946 2085 1003 2127 non
1019 2069 1057 2127 ita

22 2147 26 2154 '
58 2151 192 2210 miserum
210 2160 329 2211 estnon
352 2170 441 2230 agere
463 2153 618 2231 potiusque
639 2152 728 2214 multo
751 2170 836 2232 quam
857 2161 886 2213 et
908 2152 1007 2230 operis
1029 2159 1058 2210 et

58 2233 201 2294 hominum
218 2245 411 2314 contemptum
428 2235 523 2297 lateri.

145 2313 275 2380 Cultus
298 2337 355 2380 non
376 2329 421 2379 est
442 2321 579 2399 proprius
594 2321 716 2380 oratoris
734 2319 836 2399 aliquis
852 2320 905 2380 sed
922 2318 1014 2394 magis
1029 2317 1114 2377 tutat

60 2410 175 2462 oratore
199 2404 385 2481 conspicitur.
421 2402 519 2476 Quare
536 2406 588 2480 sit,
613 2413 643 2464 ut
666 2403 798 2464 omnibus
818 2402 947 2464 honestis
969 2401 1058 2461 debet

60 2503 142 2561 esse,
159 2485 328 2563 splendidus
344 2496 373 2548 et
388 2487 489 2546 virilis.
521 2486 593 2548 Nam
611 2498 640 2549 et
655 2498 725 2566 toga
742 2496 771 2548 et
787 2486 905 2548 calceus
922 2493 951 2546 et
966 2485 1056 2564 capil-

7 2583 9 2650 ᾗ
59 2570 105 2629 lus
129 2577 187 2628 tam
211 2571 294 2632 nimia
323 2589 391 2631 cura
409 2587 492 2648 quam
518 2572 696 2650 negligentia
719 2580 784 2630 sunt
804 2569 1055 2650 reprehendenda.

7 2671 8 2674 ¹
59 2651 112 2712 Est
127 2651 233 2731 aliquid
248 2656 276 2713 in
292 2656 407 2731 amictu,
424 2655 501 2733 quod
516 2657 608 2734 ipsum
621 2656 802 2734 aliquatenus
813 2663 975 2732 temporum
989 2669 1056 2712 con·

60 2736 173 2797 dicione
194 2747 328 2798 mutatum
351 2747 407 2799 est.
441 2736 512 2798 Nem
536 2738 685 2799 veteribus
706 2737 776 2797 nulli
799 2738 893 2813 sinus,
916 2753 1057 2816 perquam

60 2820 166 2880 breves
186 2829 254 2898 post
274 2821 341 2882 illos
362 2822 487 2883 fuerunt.
524 2822 624 2901 ltaque
646 2823 731 2882 etiam
753 2830 839 2899 gestu
860 2837 985 2880 necesse
1012 2824 1114 2878 est138

60 2921 128 2964 usos
155 2921 222 2964 esse
245 2907 274 2965 iu
297 2907 445 2985 principiis
469 2922 522 2967 eos
549 2905 623 2981 alio,
651 2921 770 2984 quorum
792 2903 956 2980 brachium,
983 2905 1056 2963 sicut

61 2985 252 3064 Graecorum,
278 2998 362 3050 veste
390 2989 599 3049 continebatur.
636 2989 694 3050 Sed
717 3007 771 3049 nos
794 2989 831 3049 de
853 2987 1055 3067 praesentibus

61 3069 210 3148 loquimur.
246 3069 299 3132 (lui
315 3073 365 3133 lati
380 3073 454 3133 olavi
470 3074 513 3132 ius
528 3090 585 3132 non
601 3073 665 3148 erit,
684 3075 722 3133 ita
738 3074 878 3149 cingatur,
895 3082 924 3132 ut
943 3072 1055 3132 tunicae

62 3153 204 3232 prioribus
227 3157 287 3216 oris
302 3157 375 3216 inira
390 3174 485 3233 genua
501 3156 632 3235 paulum,
656 3154 867 3234 posterioribus
888 3155 923 3216 ad
943 3155 1055 3215 medios

62 3237 185 3316 poplites
205 3257 298 3320 usque
319 3241 498 3316 perveniant.
532 3239 604 3300 Nam
626 3240 699 3300 infra
717 3239 867 3299 mulierum
883 3248 944 3315 est,
968 3253 1055 3316 supra

62 3324 265 3382 centurionum.
300 3323 338 3384 Ut
359 3341 486 3402 purpura
509 3332 590 3383 recte
614 3322 789 3397 descendet,
815 3321 889 3382 levis
909 3325 1112 3389 curaest;139

61 3413 171 3465 notatur
195 3408 307 3466 interim
327 3407 514 3484 negligentia.
547 3405 644 3466 Latum
672 3406 836 3466 habentium
863 3405 974 3465 clavum
994 3421 1054 3464 mo·

62 3486 112 3548 dus
129 3496 188 3568 est,
212 3497 242 3548 ut
263 3491 299 3550 sit
315 3483 430 3570 paulum
447 3490 547 3550 cinctis
565 3491 752 3551 summissior.
784 3487 879 3570 lpsam
895 3496 992 3566 togam
1007 3505 1055 3548 ro·
