2444 3972
330 176 419 224 rnsr.
434 171 744 241 neruosusne.
1001 161 1041 222 37

65 335 130 396 ldtris
152 336 294 415 complexi
316 343 396 407 sunt,
424 332 537 391 nomina
559 347 610 390 sua
633 330 688 409 ipsi
710 330 932 408 inscripseruut;
960 331 1040 409 inge·

64 421 185 498 nioseque
207 421 287 478 visus
316 427 362 476 est
386 414 492 477 Gavius
513 415 644 477 coelibes
672 414 771 475 dicere
793 413 883 473 veluti
908 416 1040 488 coelites,

63 503 125 580 quod
139 521 226 563 onere
237 503 407 580 gravissimo
419 507 534 574 vacent,
550 498 636 577 idque
649 499 761 560 Graeco
775 508 944 576 argumento
959 501 1040 575 iuvit,

61 585 166 666 ἠϊθέους
185 589 259 647 enim
285 586 385 647 eadem
408 584 444 644 de
467 601 553 644 causa
578 583 787 667 dici‘allirmat.
827 581 890 643 Nec
914 583 942 643 ei
965 583 1042 644 cedit

26 675 27 686 ¹
61 670 192 731 Modestus
206 672 387 744 inventione,
404 686 483 744 nam,
500 669 566 747 qnia
580 665 669 728 Coelo
683 668 822 727 Saturnus
838 667 976 744 genitalia
992 667 1040 728 ab·

62 755 178 832 sciderit,
204 756 261 816 hoc
282 757 396 814 nomine
422 753 603 830 appellatos,
634 753 681 830 qui
706 767 798 810 uxore
827 760 960 828 careant,
991 753 1039 811 ait.

62 837 145 898 lelius
162 842 320 918 pituitam,
343 839 408 915 quia
420 845 507 915 petet
525 837 627 900 eitum.
665 835 723 896 Sed
747 837 793 894 cni
811 850 868 894 non
889 844 957 914 post
971 835 1082 898 vir-3⁷

61 939 144 982 runem
164 925 199 983 sit
216 925 317 998 venia,
342 922 531 1000 quinorum,
555 921 620 998 quia
633 922 661 979 in
677 936 713 979 eo
736 928 849 997 apator
865 918 987 999 aliquid,
1012 928 1042 980 et

59 1008 201 1084 pauculos,
231 1009 296 1086 quia
315 1007 467 1085 propolim
489 1002 605 1080 volent,
633 1004 727 1064 dictos
749 1003 842 1064 voluit
862 1003 1040 1082 persuadere

62 1087 178 1150 Ciceroni
196 1092 248 1171 (ad
268 1109 332 1150 eum
350 1093 424 1150 enirn
443 1087 577 1168 scribit),
598 1105 662 1148 curn
678 1089 800 1148 alterurn
820 1107 857 1148 ex
874 1087 985 1149 Graeco
1004 1091 1042 1148 sit

61 1173 219 1235 nanifestam
243 1175 308 1234 duci
330 1174 450 1234 alterum
474 1192 511 1233 ex
530 1171 651 1232 vocibus
673 1169 786 1231 avium?
817 1173 876 1233 Sed
895 1173 953 1233 hoo
972 1174 1084 1236 tantiae

61 1255 102 1317 luit
119 1267 249 1334 vertere,
273 1268 303 1318 ut
325 1260 463 1334 merulo,
485 1260 552 1336 quia
577 1257 641 1316 sola
663 1255 758 1332 volat,
781 1259 862 1335 quasi
883 1275 970 1319 mero
988 1277 1041 1319 oo-

26 1335 28 1404 l
62 1340 119 1402 loos
138 1345 340 1402 nominaretur.
390 1342 511 1416 Quidam
537 1357 595 1401 non
622 1339 823 1401 dubitaverunt
846 1342 1042 1420 etymologiae

26 1407 28 1508 l
61 1425 185 1486 subiicere
203 1445 318 1486 omnem
335 1428 456 1487 nominis
475 1443 604 1487 oausam:
622 1433 652 1483 ut
670 1443 707 1485 ex
724 1423 838 1500 habitu,
858 1427 1041 1504 quemadmo-

26 1511 28 1576 ζ
62 1505 112 1567 lun
132 1510 201 1586 dixi,
230 1509 355 1590 Lonpue
380 1519 409 1570 et
430 1510 546 1591 Rufus,
577 1528 615 1568 ex
637 1525 710 1568 sono
731 1517 877 1588 stertere,
906 1529 1041 1572 murmu-

26 1592 27 1607 ’
62 1609 136 1662 corn·
156 1598 241 1655 etiarn
262 1594 401 1671 derivata,
423 1603 454 1654 ut
471 1612 487 1654 a
502 1595 661 1655 uelocitate
679 1592 782 1652 dicitur
795 1595 894 1671 oeloo,
916 1603 945 1653 et
965 1612 1041 1654 oom-

26 1679 28 1754 ξ
65 1677 136 1750 posita
149 1678 293 1757 pluraque
311 1679 355 1739 his
373 1679 485 1754 similia,
506 1695 580 1756 quae
595 1678 657 1736 sine
673 1676 759 1737 dubio
773 1677 888 1738 aliunde
901 1681 1043 1755 originem

26 1763 28 1834 ζ
67 1757 146 1820 ducant
163 1763 216 1823 sed
235 1771 300 1822 arte
318 1781 376 1822 non
395 1771 498 1839 egent,
519 1763 598 1820 cuius
616 1763 644 1819 in
661 1760 718 1820 hoo
732 1777 823 1840 opere
841 1779 898 1822 non
916 1772 961 1821 est
972 1781 1042 1822 usus

26 1841 29 1906 l
65 1842 107 1900 nisi
120 1845 143 1903 in
163 1846 269 1906 dubiis.

26 1919 29 1968 l
126 1927 220 1990 Verba
241 1947 259 1989 a
275 1938 464 1989 vetustate
482 1930 608 2006 repetita
627 1945 684 1986 non
701 1927 795 1988 solnm
808 1945 929 2006 magnos
947 1939 1084 1998 asser-39

62 2015 124 2068 tores
139 2013 245 2073 hahent
267 2012 320 2072 sed
339 2014 424 2073 etiam
441 2009 563 2072 allerunt
581 2014 705 2072 orationi
721 2015 900 2074 maiestatem
918 2013 1041 2092 aliquam

60 2107 104 2150 non
123 2098 181 2157 sine
202 2097 417 2166 delectatione;
440 2114 504 2156 narn
526 2105 555 2155 et
577 2098 778 2156 auctoritatem
799 2099 973 2176 antiquitatis
991 2098 1040 2159 ha-

60 2173 113 2236 lent
129 2189 171 2256 et,
194 2183 263 2260 quia
280 2182 442 2240 intermissa
463 2189 543 2256 sunt,
566 2181 687 2258 gratiam
706 2182 826 2240 novitati
846 2180 967 2241 similem
990 2199 1040 2260 pa·

59 2270 115 2320 rant.
145 2265 201 2325 Sed
219 2282 295 2344 opus
314 2273 359 2324 est
376 2265 478 2340 modo,
502 2273 533 2324 ut
548 2282 643 2347 neque
662 2263 765 2323 crebra
783 2267 838 2324 sint
855 2265 929 2324 haec
946 2283 1041 2344 neque
1049 2276 1087 2330 lo

59 2347 198 2424 manifesta,
217 2351 286 2428 quia
304 2347 374 2407 nihil
394 2357 438 2407 est
456 2349 585 2408 odiosius
602 2347 796 2424 affectatione,
816 2367 871 2409 nec
888 2351 987 2428 utique
1005 2350 1040 2410 ab

60 2425 145 2489 ultimis
167 2441 195 2491 et
216 2436 273 2492 iam
295 2430 468 2492 oblitteratis
491 2433 615 2511 repetita
637 2431 832 2511 temporibuS,
858 2434 953 2512 qualia
976 2445 1041 2494 sunt

61 2515 145 2590 ioppen
167 2526 195 2575 et
211 2518 368 2595 antepono
390 2525 420 2576 et
442 2518 611 2579 exanclare
634 2525 662 2576 et
681 2519 832 2597 procopio
851 2527 880 2577 et
897 2519 1040 2578 Saliorum

61 2600 165 2658 carmina
185 2603 235 2660 vix
254 2600 456 2660 sacerdotibus
474 2603 533 2661 suis
550 2603 620 2660 satis
636 2600 795 2662 intellecta.
828 2602 887 2662 Sed
908 2603 957 2662 illa
980 2622 1037 2663 rnu-
1047 2613 1081 2668 41

60 2680 100 2737 tari
117 2691 194 2746 vetat
215 2683 322 2762 religio
347 2693 376 2744 et
399 2687 579 2745 consecratis
600 2685 735 2745 utendum
759 2695 817 2754 est;
841 2689 934 2747 oratio
955 2704 1039 2762 vero,

61 2763 124 2822 cuins
151 2785 258 2828 summa
279 2770 371 2828 virtus
399 2778 444 2827 est
465 2771 674 2847 perspicuitas,
703 2787 786 2848 quarn
808 2772 845 2829 sit
866 2773 987 2847 vitiosa,
1015 2774 1040 2830 si

60 2857 129 2920 egeat
146 2853 315 2930 interprete.
353 2851 450 2930 Ergo,
473 2861 504 2912 ut
525 2869 665 2913 novorum
685 2857 791 2933 optima
814 2864 896 2914 erunt
917 2857 1039 2916 mammo

59 2937 157 3010 uetera,
178 2938 217 2995 ita
238 2945 370 2996 veterum
392 2939 514 2997 maxime
534 2953 619 2997 nova,

127 3019 230 3079 Similis
251 3021 329 3080 circa
350 3023 613 3081 auctoritatem
636 3023 719 3081 ratio.
759 3021 831 3083 Nam
853 3025 964 3083 etiarnsi
987 3034 1081 3102 poan

59 3099 103 3151 qen
115 3101 202 3163 videri
221 3103 291 3163 nihil
311 3122 453 3183 peccare,
477 3107 525 3184 qni
541 3107 629 3165 utitur
643 3105 688 3165 his
709 3105 824 3184 verbis,
846 3125 920 3186 quae
938 3109 1038 3166 summi

59 3191 82 3236 tt
114 3199 175 3245 ores
192 3187 384 3264 tradiderunt,
406 3189 524 3249 multum
540 3198 635 3250 tamen
655 3189 748 3249 refert
764 3207 821 3250 non
839 3192 948 3268 solum,
970 3191 1038 3270 quid

59 3257 82 3320 ll
114 3269 164 3328 rint
191 3271 243 3331 sed
266 3275 350 3332 etiam
373 3272 440 3350 quid
462 3275 670 3352 persuaserint.
709 3273 812 3351 Neque
827 3278 910 3336 'enirn
930 3277 1037 3337 tubur-

60 3345 82 3405 tl
115 3352 266 3416 noandum
292 3365 320 3416 et
343 3357 620 3420 lurchinabundum
648 3360 751 3418 iamin
778 3359 861 3418 nobis
888 3362 1037 3437 quisquam

58 3423 81 3485 ft
114 3441 119 3464 ³
155 3435 223 3498 licet
242 3437 313 3500 Cato
333 3443 370 3501 sit
387 3448 504 3519 auctor,
526 3460 582 3502 nec
602 3443 658 3504 dos
675 3444 807 3520 lodices,
830 3461 990 3522 quanquam
1008 3442 1038 3504 id
