2494 3952
172 155 229 218 168
300 184 304 200 ι
486 167 854 225 u.sno.qumr1n1nu1

137 331 211 388 sset
226 316 380 382 irruentum.
426 317 509 380 Cur
500 322 588 396 igitur
603 319 684 379 neias
708 327 754 378 est
774 299 898 398 reperiri
891 320 1022 400 ahquid
1037 338 1053 381 a
1075 320 1172 398 nobis,

166 405 265 488 quod
260 413 325 465 ante
340 420 397 463 non
412 399 519 463 luerit?
550 402 596 463 An
616 402 658 462 illi
674 401 761 462 rudes
777 403 958 464 solamenta
979 413 1078 464 natura
1094 404 1175 464 ducti

166 483 274 547 suntin
294 473 368 563 hoc,
391 495 421 546 ut
444 495 499 546 tam
522 486 609 546 muita
629 494 821 562 generarent:
845 503 899 546 nos
924 487 959 546 ad
975 487 1174 565 quaerendum

166 589 223 630 non
246 588 281 631 eo
304 573 369 650 ipso
386 572 577 645 concitemur,
600 568 678 647 quod
702 578 782 629 certe
806 571 912 630 scimus
934 572 1080 630 invenisse
1099 588 1175 670 teos,

136 655 215 733 oqui
232 650 440 733 quaesierunt?
475 651 512 714 Et
528 671 591 712 cum
607 653 667 728 illi,
691 670 738 730 qur
732 653 860 713 nullum
878 655 1045 732 cuiusquam
1062 672 1106 714 rer
1099 654 1177 713 ha-

165 739 288 798 buerunt
308 739 488 816 magistrum,
516 737 637 815 plurima
667 737 694 795 in
716 745 852 815 posteros
875 737 1057 798 tradiderint:
1086 737 1173 797 nobis

165 841 235 882 usus
253 823 371 882 aliarum
386 839 480 880 rerum
496 820 532 880 ad
548 819 690 880 eruendas
707 821 777 880 alias
794 837 850 879 non
868 819 1013 898 proderit,
1030 821 1084 881 sed
1101 821 1173 881 nihil

164 905 333 965 habebimus
349 907 402 964 nisi
413 904 547 964 beneticii
562 899 669 963 alieni?
694 903 938 978 Quemadmodum
950 903 1062 983 quidam
1077 907 1171 983 picto-

110 1003 113 1010 ’
165 1008 213 1048 res
233 991 261 1048 in
278 988 306 1048 id
322 989 415 1048 solum
439 988 570 1062 student,
593 996 623 1046 ut
645 987 814 1047 describere
837 987 948 1047 tabulas
970 991 1112 1047 mensuris
1137 1006 1172 1047 ac

97 1131 102 1136 ,
137 1072 250 1138 tlineis
269 1073 369 1131 sciant.
401 1069 498 1149 Turpe
514 1073 598 1131 etiam
613 1070 684 1131 illud
700 1079 760 1146 est,
784 1079 948 1132 contentum
971 1089 1037 1130 esse
1052 1070 1081 1131 id
1102 1089 1171 1131 ccu-

90 1197 93 1204 ,
165 1157 248 1234 sequi
267 1155 343 1233 quod
359 1155 488 1214 imiteris.
518 1153 590 1214 Nam
607 1172 706 1213 rursus
722 1154 789 1232 quid
806 1163 869 1214 erat
883 1155 1023 1230 futurum,
1044 1156 1171 1214 sinemo

164 1241 231 1318 plus
253 1239 401 1299 effecisset
424 1253 460 1297 eo
482 1256 567 1316 quem
582 1235 780 1316 sequebatur?
818 1237 896 1298 Nihil
916 1241 944 1297 in
965 1240 1060 1317 poetis
1082 1256 1171 1316 supra

164 1322 273 1382 Livium
289 1321 494 1398 Andronicum,
512 1320 582 1381 nihil
594 1323 622 1381 in
633 1321 762 1380 historiis
774 1338 861 1401 supra
872 1321 1040 1381 Pontiiicum
1051 1321 1171 1382 annales

165 1405 351 1473 haberemus:
369 1404 477 1465 ratibus
489 1403 582 1464 adhuc
596 1406 795 1482 navigaretur:
811 1420 869 1464 nou
881 1413 960 1464 esset
975 1407 1098 1484 pictura,
1115 1407 1171 1464 nisi

166 1507 240 1566 quae
262 1489 353 1548 lineas
375 1488 461 1547 modo
485 1496 628 1548 extremas
644 1487 778 1563 umbrae,
799 1506 882 1567 quam
908 1505 1033 1566 corpora
1053 1490 1081 1547 in
1103 1489 1170 1548 sole

98 1607 103 1616 ·
137 1573 323 1647 eiecissant,
350 1570 612 1630 circumscriberet.
652 1570 697 1630 Ac
718 1573 742 1630 si
764 1573 857 1632 omnia
872 1589 1066 1651 percenseas:
1089 1571 1170 1632 nulla

165 1657 202 1715 sit
217 1672 275 1732 ars,
292 1655 385 1733 qualis
400 1656 515 1714 inventa
531 1663 593 1729 est,
617 1672 672 1713 nec
686 1656 758 1714 intra
776 1656 883 1715 initium
899 1657 994 1720 stetit:
1015 1655 1070 1714 nisi
1091 1655 1170 1715 iorte
1226 1695 1227 1734 3

164 1748 264 1799 nostra
287 1738 464 1817 potissimum
491 1747 621 1816 tempora
642 1736 805 1797 damnamus
827 1738 912 1798 huius·
928 1738 1116 1813 infelicitatis,
1140 1748 1170 1797 ut
1226 1747 1227 1812 g

90 1817 97 1822 ’
165 1841 240 1882 nunc
252 1822 363 1883 demum
376 1820 443 1881 nihil
458 1830 581 1881 crescat.
608 1819 685 1880 Nihil
698 1831 791 1881 autem
805 1823 913 1882 crescit
924 1822 987 1882 sola
999 1822 1177 1882 imitatione·
1226 1823 1227 1860 ἲ

138 1906 279 1981 ttQuodsi
295 1905 438 1983 prioribus
455 1905 581 1964 adiicere
596 1905 640 1964 ias
656 1914 786 1965 nonest:
803 1905 948 1983 quomodo
964 1922 1085 1983 sperare
1101 1922 1170 1983 pos·
1226 1919 1227 1936 ³

166 2007 262 2048 sumus
280 1989 360 2048 iilum
375 1997 520 2048 oratorem
536 1985 717 2067 perlectum?
738 2007 801 2051 cum
812 1990 840 2046 in
856 1989 914 2063 his,
939 2004 1012 2066 quos
1029 1991 1170 2048 maximos

164 2071 258 2132 adhuc
275 2073 415 2148 novimus,
437 2089 522 2131 nemo
538 2073 575 2131 sit
590 2073 731 2146 inventus,
750 2073 778 2130 in
796 2081 853 2150 quc
869 2071 942 2132 nihil
956 2081 1004 2131 aut
1019 2073 1170 2134 desidere-

166 2165 211 2214 tur
233 2164 280 2220 aut
296 2155 534 2233 reprehendatur.
576 2153 634 2214 Sed
657 2157 741 2214 etiam
759 2157 807 2233 qui
823 2173 930 2215 summa
945 2172 1002 2214 non
1017 2164 1169 2233 appetent,

119 2239 340 2302 locontendere
357 2240 452 2317 potius
470 2255 553 2318 quam
570 2239 652 2316 sequi
668 2237 784 2298 debent.
816 2237 888 2298 Nam
904 2240 952 2317 qui
968 2240 1028 2316 agit
1043 2247 1074 2297 ut
1090 2241 1171 2316 prior
1226 2285 1227 2288 η

165 2323 212 2397 sit,
228 2322 359 2398 forsitan,
383 2323 493 2383 etiarnsi
513 2338 570 2381 non
584 2323 739 2396 transierit,
761 2320 905 2399 aequabit.
939 2320 1011 2380 Eum
1026 2339 1099 2380 vero
1120 2341 1171 2382 ne·

163 2422 210 2464 mo
232 2413 331 2483 potest
351 2423 496 2484 aequare,
523 2406 603 2464 cuius
630 2406 762 2482 vestigiis
787 2405 841 2464 sihi
862 2405 960 2483 utique
982 2406 1172 2466 insistendum

165 2486 260 2566 putat.
287 2486 420 2547 Necesse
437 2496 482 2547 eat
497 2488 587 2563 enim,
613 2506 729 2567 semper
743 2489 779 2548 sit
794 2489 941 2566 posterior
957 2490 1006 2566 qui
1028 2491 1170 2567 sequitur.

126 2613 132 2628 .
163 2571 247 2631 nude
266 2571 343 2650 quod
363 2571 533 2651 plerumque
558 2571 671 2630 facilius
692 2579 738 2631 est
760 2571 825 2649 plus
849 2572 949 2631 iacere
976 2588 1060 2649 qnam
1082 2572 1170 2632 idem.

164 2653 283 2715 Tantam
295 2655 369 2714 enim
385 2655 582 2716 difficultatem
597 2654 684 2714 habet
696 2654 860 2730 similitudo,
876 2665 907 2715 ut
921 2672 957 2714 ne
972 2655 1035 2732 ipsa
1055 2655 1170 2733 quidem

163 2747 263 2798 natura
276 2740 304 2798 in
316 2738 373 2798 hoc
391 2739 429 2798 ita
444 2738 595 2814 evaluerit,
611 2747 642 2796 ut
652 2753 708 2797 non
720 2757 769 2798 res
779 2737 1019 2817 simplicissimae,
1035 2755 1173 2817 quaeque

164 2839 250 2898 pares
267 2823 388 2881 maxime
405 2823 571 2897 videantur,
594 2822 693 2899 utique
709 2821 871 2882 discrimine
887 2820 984 2900 aliquo
1003 2821 1170 2882 discernan-
1226 2897 1227 2902 η

117 2915 153 2968 11
163 2912 217 2963 tur.
249 2903 332 2964 Adde
347 2905 436 2983 quod,
453 2904 589 2984 quidquid
602 2904 685 2965 alteri
696 2905 789 2973 simile
805 2914 860 2981 est,
875 2922 999 2964 necesse
1016 2913 1062 2964 est
1077 2907 1171 2964 miuus
1226 2905 1227 2950 t

164 2987 201 3047 sit
219 3005 272 3062 eo,
297 2988 373 3067 quod
393 2989 534 3063 imitatur,
555 2996 586 3047 ut
604 2987 703 3048 umbra
727 2999 853 3066 corpore
877 2998 906 3048 et
926 2989 1021 3064 imago
1042 2989 1120 3049 iacie
1141 2998 1171 3048 et

163 3079 245 3132 actus
260 3070 430 3131 histrionum
444 3072 523 3132 veris
535 3070 697 3132 aliectibns.
725 3070 809 3145 Quod
820 3073 848 3131 in
860 3072 1037 3132 orationibus
1050 3088 1170 3151 quoqne

164 3157 271 3216 evenit.
303 3153 434 3234 Namque
454 3156 514 3231 eis,
535 3172 609 3233 quae
631 3156 659 3213 in
682 3155 844 3232 exemplum
861 3156 1045 3230 assumimus,
1068 3156 1172 3215 subest
1226 3169 1227 3176 ¹

162 3248 264 3300 natura
279 3248 308 3299 et
327 3255 396 3298 vera
412 3238 470 3307 vis:
495 3247 594 3297 contra
612 3239 703 3298 omnia
718 3240 838 3299 imitatio
854 3239 920 3299 licta
935 3247 980 3298 est
1001 3237 1082 3298 etad
1099 3238 1169 3298 alie·

122 3332 229 3386 lunum
244 3323 425 3401 propositum
441 3319 683 3382 accommodatur.
722 3319 808 3395 Quod
828 3322 918 3404 iacit,
940 3329 970 3381 ut
991 3322 1084 3380 minus
1103 3339 1167 3380 san-

163 3405 259 3482 guinis
275 3423 310 3465 ac
324 3405 425 3466 virium
442 3403 667 3467 declamationes
678 3404 803 3467 habeant
816 3423 899 3484 quam
911 3404 1072 3474 oratioues;
1089 3404 1169 3484 quod
