2444 3972
343 173 431 222 ausu.
450 153 599 223 oraison.
618 174 788 242 uun.11,1.
1028 163 1068 226 59

74 327 147 410 pliuis
170 329 272 390 dehita
293 329 322 388 in
341 329 443 391 schola
469 330 579 390 minore
597 330 727 394 subsidat
744 350 779 392 ac
799 331 969 394 rhetoricen
992 334 1068 414 apud

72 414 268 492 grammaticos
297 423 445 475 exerceat.
490 415 549 491 lta,
579 415 659 493 quod
686 425 731 476 est
758 417 883 477 maxime
904 418 1066 496 ridiculum,

71 515 119 558 non
134 507 200 558 ante
230 498 269 558 ad
286 497 466 578 declamandi
482 499 650 578 magistrum
672 501 825 561 mittendus
842 502 974 564 videatur
994 521 1068 582 puer

71 601 145 662 quam
165 583 334 644 declamare
357 583 440 644 sciat.
484 582 545 643 Nos
569 602 651 643 snum
673 585 777 664 cuique
805 585 983 664 professioni
1005 597 1094 650 mot

70 667 126 728 dum
145 667 260 728 demus.
305 666 342 728 Et
365 668 553 746 grammatice
571 665 672 747 (quam
694 671 722 727 in
738 667 868 730 Latinum
889 671 1066 732 transferen-

70 760 107 811 tes
127 753 335 815 litteraturam
362 754 562 832 vocaverant)
592 753 663 812 lines
688 769 757 813 suos
781 755 871 831 norit,
896 758 1067 834 praesertim

70 844 166 897 tantum
185 837 222 898 ab
251 835 309 897 hac
336 836 542 916 appellationis
570 854 641 897 suae
671 847 860 917 paupertate,
885 840 960 900 intra
981 858 1068 920 quam

69 922 142 999 primi
162 921 206 982 illi
230 922 407 998 constitere,
431 929 588 1000 prouecta;
613 939 677 981 nam
699 922 793 981 tenuis
817 940 833 983 a
853 923 934 983 ionte
958 942 1066 984 assum·

70 1008 117 1084 ptis
137 1006 345 1068 historicorum
367 1007 590 1084 criticorumque
614 1005 723 1066 viribus
746 1007 835 1084 pleno
851 1008 908 1068 iam
932 1009 1003 1068 satis
1026 1008 1066 1069 al-

68 1106 116 1149 reo
136 1091 213 1167 duit,
239 1108 305 1150 cum
321 1100 439 1170 praeter
461 1091 602 1150 rationem
624 1100 706 1150 recte
729 1091 867 1169 loquendi
889 1109 947 1153 non
965 1111 1066 1172 parum

69 1173 166 1255 alioqui
188 1176 344 1253 copiosam
371 1192 466 1255 prope
489 1175 613 1234 omnium
636 1175 821 1236 maximarum
848 1178 950 1236 artium
971 1179 1065 1236 scien-

70 1260 126 1320 tiam
142 1259 280 1338 amplexa
297 1261 348 1327 sit;
372 1267 402 1318 et
421 1259 580 1334 rhetorice,
600 1260 645 1318 cui
662 1275 767 1318 nomeu
780 1261 825 1319 vis
844 1261 1000 1340 eloquendi
1015 1260 1092 1327 dea
1113 1283 1145 1313 s

70 1341 116 1420 dit,
142 1343 244 1404 cilicia
268 1361 320 1403 sua
342 1360 401 1403 non
418 1342 562 1404 detrectet
583 1361 639 1403 nec
668 1344 813 1422 occupari
828 1345 955 1422 gaudeat
976 1347 1065 1424 perti·

24 1443 28 1518 q
71 1436 172 1488 nentem
195 1429 233 1489 ad
252 1446 286 1488 se
303 1426 450 1503 laborem,
475 1445 567 1506 quae,
590 1427 657 1487 dum
678 1444 770 1506 opere
791 1429 878 1505 cedit,
901 1430 957 1490 iam
971 1447 1066 1507 paene

23 1523 29 1612 'q
71 1513 250 1590 possessione
275 1512 398 1590 depulsa
416 1520 470 1570 est.
515 1511 620 1590 Neque
639 1511 793 1585 infitiabor,
817 1513 995 1592 aliquemex
1018 1515 1094 1590 iis,6

24 1613 27 1648 t
73 1597 111 1674 qai
129 1598 338 1675 grammaticen
364 1595 568 1674 profiteantur,
598 1614 729 1675 eousque
758 1597 899 1658 scientiae
927 1598 1066 1676 progredi

23 1649 26 1773 ι
75 1697 163 1758 posse,
191 1690 223 1742 ut
249 1682 286 1742 ad
307 1680 382 1740 haec
405 1697 522 1760 quoquc
543 1680 682 1742 tradenda
704 1680 844 1750 sufficiam
874 1682 927 1742 sed
951 1700 1015 1743 cum
1037 1681 1066 1743 id

25 1773 26 1779 ’
78 1774 141 1843 aget,
163 1766 295 1827 rhetoris
318 1764 416 1824 officio
439 1764 577 1844 fungetur
598 1782 656 1824 non
678 1782 741 1824 suo.

141 1849 202 1910 llos
222 1866 315 1929 porro
333 1851 508 1928 quaerimus,
525 1849 638 1927 quando
652 1848 706 1925 iis,
723 1867 798 1927 quae
813 1851 961 1911 rhetorice
980 1858 1094 1930 prae-'l

74 1933 146 2012 tipit,
167 1934 370 2014 percipiendis
387 1952 460 2013 puer
477 1942 603 1994 maturus
622 1951 690 1993 esse
707 1934 848 1994 videatur.
880 1933 913 1993 In
930 1951 987 2014 quo
1004 1936 1065 2016 qui-

74 2017 127 2078 dem
146 2036 203 2080 non
225 2019 258 2079 id
281 2019 502 2094 aestimandum,
537 2019 617 2078 cuius
646 2019 770 2098 quisque
798 2019 836 2078 sit
864 2020 984 2095 aetatis,
1012 2020 1066 2080 sed

73 2111 192 2179 quantum
215 2105 247 2162 in
268 2103 369 2164 studiis
392 2103 447 2162 iam
471 2103 613 2164 ellecerit.
658 2101 695 2162 ldt
717 2121 754 2163 ne
781 2103 885 2163 diutius
909 2104 1063 2172 disseram

73 2187 173 2263 quando
195 2190 235 2248 sit
258 2187 369 2248 rhetori
391 2188 555 2263 tradendus,
579 2188 622 2247 sic
645 2189 753 2266 optime
771 2187 844 2247 liniri
866 2188 973 2265 credo,
997 2207 1066 2250 cam

36 2311 40 2320 .
72 2275 179 2348 poterit.
223 2272 286 2334 Sed
308 2272 366 2332 hoc
386 2273 480 2352 ipsum
508 2291 545 2332 ex
573 2273 726 2350 superiore
753 2271 861 2350 pendet
883 2271 1095 2350 quaestionetl

73 2351 133 2415 liam
155 2358 179 2416 si
201 2357 407 2435 grammatices
425 2375 525 2416 munus
544 2373 636 2434 nsque
659 2355 696 2416 ad
712 2355 859 2416 suasorias
877 2365 1071 2433 prorogatur,

74 2439 169 2500 tardius
190 2442 312 2501 rhetore
335 2457 408 2520 opus
428 2450 482 2501 est.
527 2440 566 2499 ht
584 2441 609 2500 si
628 2440 729 2500 rhetor
747 2441 839 2519 prima
853 2439 951 2501 officia
967 2441 1065 2519 operis

75 2524 183 2585 sui‘non
204 2533 342 2599 recusat,
368 2523 614 2586 enarrationibus
632 2525 728 2585 statim
749 2533 779 2584 et
795 2524 930 2585 laudandi
951 2525 1064 2603 vitupe-

75 2608 199 2688 randique
218 2607 369 2688 opusculis
386 2627 455 2669 cura
470 2609 532 2667 eius
551 2609 742 2669 desideratur.
772 2609 819 2668 An
835 2609 1001 2685 ignoramus
1017 2618 1093 2673 an·9

75 2689 148 2769 tiquis
170 2693 229 2755 hoc
257 2695 349 2754 inisse
372 2695 407 2754 ad
430 2693 591 2770 augendam
618 2692 814 2770 eloquentiam
836 2710 929 2770 genus
952 2693 1064 2752 exerci-

76 2776 192 2855 tationis,
215 2785 248 2838 ut
269 2778 370 2840 theses
391 2778 523 2839 dicerent
549 2786 578 2838 et
605 2793 771 2837 communes
802 2777 945 2842 locoset
966 2785 1066 2836 cetera

76 2857 136 2920 titia
149 2862 333 2942 complexum
350 2880 446 2921 rerum
460 2878 719 2940 personarumque,
738 2860 841 2940 quihus
859 2877 949 2920 verae
966 2859 1066 2920 lictae·

78 2956 124 3017 qne
144 2947 362 3008 controversiae
384 2942 586 3006 continentur?
629 2945 676 3004 lix
700 2963 757 3024 quo
782 2946 878 3024 palam
901 2953 956 3021 est,
981 2960 1066 3024 quam

78 3029 186 3106 turpiter
206 3031 325 3092 deserat
347 3047 411 3091 earn
433 3039 545 3110 partem
568 3029 731 3090 rhetorices
752 3030 905 3107 institutio,
930 3046 1014 3107 quam
1037 3035 1066 3087 et

78 3110 182 3173 urinam
204 3115 304 3176 habuit
327 3123 356 3174 et
378 3114 425 3175 diu
448 3113 550 3174 solam.
597 3114 671 3188 Quid
699 3123 794 3174 autem
823 3114 1002 3188 esteris,
1030 3111 1108 3172 delo

123 3194 166 3256 hus
192 3199 375 3280 supradixi,
403 3199 481 3278 quod
503 3214 561 3258 non
584 3215 648 3257 cum
669 3199 698 3259 in
720 3198 787 3274 alia,
812 3217 886 3279 qaae
909 3205 976 3258 sunt
997 3211 1064 3274 pro·

123 3296 128 3312 ·
148 3281 310 3359 rhetorum,
338 3293 397 3342 tum
420 3292 501 3342 certe
525 3283 553 3341 in
580 3281 651 3342 illud
680 3282 814 3343 iudiciale
843 3299 948 3343 causae
972 3295 1065 3358 genus

131 3363 189 3426 tat
231 3367 353 3428 Annon
374 3368 403 3426 in
424 3367 490 3426 foro
512 3365 683 3427 narrandum
705 3363 771 3426 eat?
786 3384 843 3446 qua
862 3367 891 3424 in
913 3373 997 3443 parte
1014 3380 1064 3422 ne·

154 3465 188 3509 an
208 3454 243 3512 sit
268 3451 316 3512 vel
337 3451 499 3531 plurimum.
544 3449 611 3510 Non
632 3450 694 3512 laus
719 3469 753 3512 ao
775 3449 949 3528 vituperatio
973 3456 1106 3509 certa-tl
