2470 3962
285 261 288 271 .
326 221 668 270 rusmossuonnrn.
689 218 797 285 x11,1.
1000 207 1061 267 243

65 375 216 438 ludrconda
238 385 282 436 est
303 375 421 444 malum;
445 376 563 453 peiores
587 374 661 433 enim
682 373 750 432 illos
765 373 849 448 iacit,
873 371 975 450 quibus
993 389 1061 432 oon·

65 462 139 520 tiit.

88 480 108 539 g
149 542 260 603 Videor
276 542 344 602 mibi
365 541 463 602 andire
484 542 623 620 quosdam
650 541 851 618 (nequeenim
870 539 990 600 deerunt
1010 551 1102 605 ιιι-33

64 645 160 708 quam,
177 625 340 705 qni'diserti
356 643 422 684 esse
440 642 522 702 quam
538 624 605 684 boni
620 624 731 702 malint)
747 623 797 682 illa
812 623 959 682 dicentes:
985 623 1061 697 Quid

21 723 26 728 '
65 727 139 786 ergo
157 719 263 770 tantum
280 718 326 768 est
347 710 416 768 artis
437 709 465 767 in
486 705 671 784 eloquentia?
697 725 748 766 cur
763 716 792 765 tu
810 705 846 766 de
865 705 1013 766 coloribus
1031 714 1061 766 et

64 792 222 854 diflicilinm
244 809 393 852 causarum
419 791 606 865 detersione,
635 790 763 850 nonnihil
784 790 868 848 etiam
891 789 927 849 de
946 789 1060 848 cocles·

64 877 148 935 sione
165 875 279 934 locutus
296 893 345 950 es,
371 874 425 934 nisi
448 874 601 952 aliqnando
623 875 667 933 vis
690 891 725 934 ac
741 873 863 933 facultas
879 871 993 932 dicendi
1011 890 1060 932 ex·
1161 867 1164 874 ’

65 967 174 1038 pugnat
188 959 280 1036 ipsam
294 957 445 1020 veritatem
454 957 469 1015 ‘l
498 957 594 1016 Bonus
610 958 683 1016 enim
698 957 743 1016 vir
756 973 814 1016 non
829 956 888 1032 agit
901 957 956 1014 nisi
970 956 1061 1015 bonas

8 1109 10 1114 ,
65 1059 183 1116 causas,
206 1057 257 1100 eas
281 1058 370 1118 porro
394 1041 478 1102 etiam
503 1042 565 1098 sine
589 1039 718 1100 doctrina
743 1040 811 1100 satis
835 1057 888 1116 per
913 1057 945 1098 se
966 1049 1061 1100 tuetur

64 1126 173 1184 veritas
188 1125 261 1202 ipsa.
296 1123 407 1197 Quibus
433 1140 507 1200 ego,
530 1140 593 1182 cnm
616 1123 652 1182 de
673 1141 738 1184 meo
760 1124 880 1200 primum
901 1140 991 1200 opere
1015 1137 1105 1192 re·34v

64 1208 230 1286 spondero,
249 1207 334 1266 etiam
351 1224 404 1284 pro
422 1207 489 1272 boni
502 1208 556 1266 viri
572 1206 686 1282 cilicio,
706 1208 730 1266 si
747 1206 861 1284 qnando
877 1223 941 1264 eum
960 1205 995 1265 ad
1011 1205 1060 1265 de-

64 1292 225 1351 fensionem
250 1291 411 1350 nocentium
437 1291 511 1348 ratio
539 1290 666 1365 duxerit,
694 1289 879 1349 satisfaciam.
923 1288 1060 1348 Tractare

66 1376 156 1450 enim,
173 1373 317 1451 quomodo
332 1381 380 1432 aut
391 1389 444 1450 pro
459 1372 540 1432 ialsis
553 1381 603 1441 ,aut
619 1375 703 1432 etiam
716 1390 768 1450 pro
782 1372 892 1432 iniustis
907 1371 1060 1451 aliqnando

65 1459 187 1532 dicatur,
202 1473 260 1514 non
275 1464 320 1516 est
335 1455 445 1530 inutile,
461 1456 509 1516 vel
526 1465 645 1534 propter
660 1456 716 1520 hoc
731 1455 835 1530 solum,
851 1464 882 1514 ut
897 1473 931 1514 ea
948 1454 1061 1514 facilius

65 1551 95 1600 et
122 1540 371 1617 deprehendamus
400 1548 429 1598 et
457 1539 639 1607 refellamus;
668 1539 906 1618 quemadmodum
933 1539 1060 1598 remedia

64 1624 167 1684 melius
182 1622 338 1697 adhibebit,
355 1623 401 1682 cui
413 1631 490 1698 nota,
507 1641 581 1700 quae
593 1631 709 1698 nocent,
726 1623 841 1682 luerint.
869 1621 973 1700 Neque
987 1623 1102 1686 enimes

64 1707 250 1780 Academici,
274 1723 337 1765 cum
359 1707 386 1764 in
409 1714 557 1783 utramque
573 1706 771 1765 disseruerunt
792 1715 919 1784 partem,
941 1722 997 1763 non
1012 1724 1059 1764 se-

65 1791 186 1850 cuudum
203 1789 321 1848 alteram
343 1790 456 1855 vivent;
480 1806 535 1848 nec
551 1786 716 1848 Carneades
733 1789 799 1863 ille,
822 1790 869 1866 qui
884 1787 994 1847 Rornae
1012 1806 1059 1846 au-

64 1875 161 1934 diente
179 1868 321 1933 Censorio
340 1868 450 1931 Catone
472 1889 528 1931 non
551 1872 707 1932 minoribus
729 1871 839 1930 viribus
863 1880 962 1930 contra
981 1872 1059 1929 iusti-

64 1959 132 2017 tiam
149 1956 251 2016 dicitnr
267 1955 438 2014 disseruisse
456 1972 538 2032 qnam
559 1955 651 2033 pridie
674 1972 727 2032 pro
743 1955 848 2014 iustitia
866 1954 993 2029 dixerat,
1018 1954 1059 2012 iu-

63 2042 157 2099 iustus
180 2040 243 2116 ipse
265 2039 309 2097 vir
329 2038 389 2098 luit.
423 2036 530 2097 Verum
556 2048 586 2099 et
607 2040 697 2097 virtus
720 2038 786 2116 qnid
809 2040 861 2112 sit,
886 2038 1007 2097 adversa
1032 2037 1060 2096 ei

62 2122 170 2184 malitia
185 2122 306 2198 detegit,
322 2130 351 2181 et
366 2122 496 2198 aequitas
512 2121 541 2181 lit
558 2141 595 2182 ex
611 2122 699 2200 iniqui
715 2120 956 2198 contemplatione
973 2123 1059 2180 mani·

61 2207 179 2280 festior,
196 2213 225 2264 et
240 2204 360 2282 plurima
376 2205 526 2285 contrariis
542 2204 708 2282 probantur.
734 2204 849 2266 Debent
864 2220 935 2281 ergo
952 2205 1060 2264 oratori
1157 2219 1158 2234 ι

62 2291 107 2349 sic
128 2307 195 2348 esse
218 2289 448 2348 adversariorum
463 2297 530 2347 nota
550 2288 670 2348 consilia
695 2296 724 2348 ut
744 2288 867 2348 hostium
882 2287 1058 2365 imperatori.

61 2373 171 2432 Verum
198 2381 230 2431 et
255 2371 341 2446 illud,
371 2370 447 2449 qnod
471 2371 561 2448 prima
588 2371 789 2450 propositione
817 2371 916 2430 durum
937 2371 1102 2442 videtur,36

61 2463 162 2534 potest
177 2455 281 2515 afferre
298 2456 386 2529 ratio,
411 2462 440 2513 ut
463 2455 507 2514 vir
529 2454 621 2514 bonus
637 2457 664 2512 in
679 2454 850 2515 defensione
866 2471 971 2514 causae
988 2453 1061 2512 velit

61 2538 180 2600 aulerre
192 2537 343 2617 aliquando
357 2537 443 2598 iudici
454 2539 615 2598 veritatem.
635 2537 718 2610 Quod
730 2539 755 2598 si
767 2540 859 2617 qnisa
874 2555 920 2596 me
935 2538 1060 2622 proponi

60 2622 221 2696 mirabitur,
238 2622 414 2700 (quanquam
425 2637 483 2680 non
493 2629 538 2680 est
550 2621 624 2680 haec
636 2639 700 2680 mea
717 2622 835 2698 proprie
851 2621 992 2680 sententia
1008 2619 1060 2678 sed

8 2763 9 2770 ,
62 2723 180 2778 eorum,
204 2721 277 2782 quos
299 2705 489 2781 gravissimos
510 2705 671 2782 sapientiae
694 2705 849 2780 magistros
873 2711 954 2763 aetas
975 2710 1059 2760 vetus

62 2787 207 2866 credidit)
229 2789 272 2846 sic
295 2789 418 2862 iudicet,
446 2786 587 2866 pleraque
607 2804 690 2862 esse,
722 2803 796 2865 qnae
820 2802 877 2845 non
898 2794 954 2845 tam
975 2784 1059 2844 iactis

60 2889 149 2952 quam
165 2871 260 2932 causis
275 2888 375 2931 eornm
391 2871 440 2935 rel
454 2871 575 2931 honesta
595 2870 663 2929 liant
684 2869 732 2928 vel
749 2870 851 2948 turpia.
881 2868 953 2929 Nam
968 2870 993 2928 si
1007 2867 1101 2932 bodl
1112 2909 1148 2932 c„
1171 2891 1176 2902 ·

59 2957 167 3018 minem
194 2955 331 3016 occidere
354 2974 443 3034 saepe
466 2956 572 3030 virtus,
600 2952 710 3014 liberos
733 2971 840 3014 necare
858 2969 1059 3030 nonnunquam

60 3039 285 3118 pulcherrimum
303 3048 364 3100 est:
389 3041 538 3116 asperiora
559 3037 698 3115 quaedam
716 3036 810 3097 adbuc
825 3036 917 3111 dictu,
940 3037 964 3094 si
980 3052 1058 3095 com·

58 3123 155 3184 munis
176 3121 282 3181 utilitas
308 3123 456 3198 exegerit,
480 3120 580 3180 iacere
603 3120 785 3187 conceditur;
808 3138 844 3180 ne
865 3119 921 3178 boc
942 3118 1058 3196 quidem

59 3205 165 3264 nodum
184 3211 229 3264 est
249 3205 427 3279 intuendum,
453 3203 566 3283 qualem
586 3221 702 3266 cansam
722 3204 767 3262 vir
789 3202 883 3262 bonus
903 3201 1057 3261 sedetiam

9 3315 10 3318 ¹
60 3305 153 3368 quare
176 3295 205 3346 et
231 3304 287 3365 qua
307 3297 402 3347 mente
427 3287 572 3347 defendat.
602 3286 648 3346 Ac
668 3287 787 3365 primum
809 3283 969 3345 concedant
990 3282 1099 3348 mihies

10 3410 15 3421 ·
60 3389 164 3431 omnes
180 3378 312 3446 oportet,
337 3369 414 3448 quod
430 3371 593 3430 Stoicorum
612 3387 728 3448 quoqne
749 3369 900 3446 asperrimi
920 3365 1056 3428 conlitea-

8 3479 11 3502 ·
58 3464 122 3531 tur,
146 3455 285 3514 iacturum
306 3453 460 3533 aliquando
480 3455 570 3514 virum
585 3452 706 3531 bonnm,
728 3461 758 3514 nt
773 3451 951 3599 mendqqiuqn
968 3450 1055 3527 dicat,
