2446 3962
321 181 762 251 1usu.oanuoa.c1e.111,o.
983 177 1042 238 tas

54 339 274 407 coatderaror,·
294 339 344 399 coi
361 336 538 416 diligentiae
552 355 701 418 proeesse
717 342 806 420 opud
820 359 876 404 noe
892 344 1042 407 iuniocon·

53 424 115 484 atlti
133 424 356 484 ecistimootur.
393 421 453 484 Sed
476 423 553 503 quod
573 425 665 504 ipsius
687 425 723 484 de
744 426 788 485 bis
804 423 885 487 libris
906 427 1041 490 iudicium
1050 443 1085 500 59

54 505 142 582 luerit,
165 525 253 587 supra
276 507 344 567 dixi.
383 507 455 567 Sunt
478 510 552 568 enim
574 508 656 569 velut
678 519 816 586 regestae
838 513 866 570 iu
886 511 940 572 hos
962 531 1041 574 coru·

54 592 210 669 nestorios,
235 608 310 670 quos
331 591 506 652 adolescens
527 591 703 670 deduxerat,
726 592 863 671 scholae,
889 598 963 657 etsi
985 617 1042 677 qua

55 683 91 734 est
109 677 136 734 in
155 675 200 736 bis
224 675 325 755 culpa,
352 675 491 737 tradentis
514 685 576 746 est;
605 679 669 737 sive
693 693 757 738 euru
779 682 868 740 movit
890 680 936 758 ld,
964 683 1042 759 quod

54 757 233 838 Hermagoras
247 763 339 840 prima
356 762 385 820 iu
403 760 461 820 boc
481 760 550 821 looo
567 764 665 840 posuit
685 763 819 842 exempla
840 781 878 823 ex
896 769 1042 844 quaestio·

54 841 123 903 uibus
138 846 223 915 iuris;
247 846 310 906 sive
332 844 410 924 quod
428 843 533 906 Graeci
553 837 775 926 mpoypuctoodc
788 841 896 908 vocant
914 850 985 908 iuris
1000 852 1041 910 in·

54 935 194 1007 terpretes.
223 929 283 991 Sed
298 927 402 990 cicero
419 929 534 1008 quidem
550 929 593 991 bis
609 930 822 1009 pulcherrimos
838 931 905 993 illos
921 934 958 993 de
970 932 1085 999 Ora-60

54 1019 106 1071 tore
124 1013 287 1089 substituit,
310 1014 437 1092 ideoque
465 1015 591 1093 culpari,
616 1023 749 1094 tauquam
770 1016 1040 1097 falsa-praecipiat,

53 1113 99 1155 non
112 1107 217 1176 potest.
250 1097 312 1158 Nos
326 1098 364 1158 ad
377 1097 586 1176 Hermagoran.
624 1099 854 1162 Translatiouem
870 1102 917 1163 bic
932 1105 1041 1183 primus

52 1184 162 1242 omnium
179 1181 313 1258 tradidit,
338 1199 501 1261 quanquam
522 1185 631 1260 semina
655 1185 718 1244 eius
740 1177 881 1264 quaedam
898 1189 970 1246 eitra
988 1205 1039 1247 no·

52 1283 106 1324 meu
129 1269 222 1344 ipsum
250 1268 325 1346 apud
350 1266 749 1345 Aristotelenreperiuntur.
790 1269 917 1348 Legales
945 1280 1081 1339 autemst

53 1353 225 1428 quaestiones
249 1351 301 1412 bas
316 1351 404 1427 lecit,
427 1352 532 1430 scripti
545 1361 574 1413 et
589 1353 765 1430 voluntatis,
787 1354 889 1434 (quam
902 1357 973 1434 lpse
988 1373 1041 1416 uo·

53 1443 91 1492 eat
109 1426 181 1496 κατὰ
198 1427 289 1516 ῥητὸν
310 1433 361 1496 καὶ
374 1427 576 1515 ὑπεξαίρεσιν,
594 1435 623 1497 id
644 1445 694 1498 est
709 1435 814 1498 dictum
839 1448 867 1500 et
891 1439 1044 1519 exceptioss

53 1533 119 1596 nem,
134 1535 257 1598 quorum
273 1522 354 1598 prius
370 1521 398 1580 ei
416 1536 479 1580 oum
495 1517 625 1581 omuibus
643 1540 793 1583 commune
809 1532 871 1601 est,
890 1526 1042 1603 exceptio·

54 1603 89 1662 nis
112 1621 217 1666 uomen
245 1607 348 1684 minus
366 1604 520 1686 usitatum)
554 1607 800 1684 ratiocinativum,
835 1607 1040 1686 ambiguitatis,

55 1683 135 1765 legum
156 1689 376 1751 contrariarum.
400 1707 403 1714 ·
420 1687 572 1765 Albutius,
591 1691 696 1750 *eadem
717 1691 859 1752 divisione
879 1711 968 1768 usus,
992 1693 1083 1758 dudi

56 1771 124 1833 trabit
138 1774 376 1850 translationem,
397 1772 553 1833 subiiciens
570 1791 633 1834 eam
650 1776 812 1836 iuridiciali.
848 1775 880 1836 ln
896 1775 1041 1854 legalibus

54 1869 153 1936 quoque
176 1857 398 1939 quaestionibus
413 1857 521 1917 mullum
543 1867 624 1936 putat
646 1874 730 1935 esse,
756 1861 803 1938 qui
825 1860 937 1920 dicatur
953 1863 1040 1920 ratio·

53 1941 187 2002 cluativus.
227 1944 297 2004 Scio
313 1942 397 2022 plura
412 1944 579 2002 inventuros
596 1942 704 2020 adbuc,
724 1947 773 2023 qui
788 1943 892 2021 legere
908 1945 1041 2024 antiquos

51 2024 196 2088 studiosius
218 2027 336 2104 volent,
359 2026 412 2086 sed
433 2043 469 2086 ne
491 2025 565 2087 baec
584 2044 700 2106 quoque
722 2029 906 2090 excesserint
926 2029 1042 2089 modum

51 2124 151 2171 vereor.
548 2128 549 2132 ’

122 2196 193 2276 lpse
208 2213 254 2258 me
270 2196 386 2275 paulum
401 2199 431 2256 in
446 2196 511 2272 alia,
529 2203 613 2276 quam
629 2197 708 2276 prius
723 2196 888 2272 habuerim,
906 2198 1042 2276 opinione
1050 2193 1083 2248 63

50 2294 113 2340 uuae
125 2297 194 2342 esse
211 2281 363 2342 confiteor.
391 2279 429 2340 Et
439 2281 566 2342 fortasse
581 2282 753 2342 tutissimum
768 2288 831 2341 erat
845 2280 940 2340 lamae
955 2280 1041 2340 modo

51 2365 274 2443 studenti,'nibil
292 2383 330 2425 ex
352 2381 388 2425 eo
404 2374 531 2441 mutare,
554 2365 631 2444 quod
648 2363 744 2425 multis
763 2365 843 2425 annis
859 2381 917 2424 non
932 2367 1041 2425 sensis-

52 2463 103 2508 sem
118 2450 205 2511 modo
217 2467 317 2510 verum
333 2451 419 2510 etiam
434 2449 653 2528 approbassem
681 2449 740 2510 Sed
755 2465 813 2510 uon
828 2451 958 2510 sustineo
975 2446 1085 2508 essefil

53 2536 174 2594 conscius
193 2533 261 2594 mibi
283 2533 454 2595 dissimulati
476 2533 520 2612 (in
535 2551 572 2594 eo
589 2535 762 2614 praesertim
780 2551 888 2613 opere,
912 2533 990 2611 quod
1007 2533 1042 2593 ad

52 2611 180 2678 bonorum
202 2621 338 2678 iuvenum
361 2617 485 2697 aliquam
508 2619 661 2679 utilitatem
685 2618 900 2698 componimus)
927 2619 956 2677 iu
982 2616 1043 2678 ulla

53 2711 122 2775 parte
144 2703 243 2763 iudicii
264 2703 331 2762 mei.
371 2700 444 2762 Nam
467 2709 496 2761 et
515 2699 726 2782 Hippocrates,
752 2701 847 2762 clarus
870 2711 932 2762 arte
953 2700 1043 2762 medi·

54 2786 140 2864 cinae,
161 2787 278 2848 uidetur
294 2786 500 2847 honestissime
517 2785 643 2864 iecisse,
668 2784 745 2864 quod
763 2786 903 2864 quosdam
926 2802 1043 2845 errores

54 2883 127 2950 suos,
149 2889 186 2930 ne
202 2871 315 2950 posteri
333 2879 481 2946 errarent,
503 2871 657 2931 confessus
676 2879 735 2939 est;
760 2878 789 2930 ct
804 2867 843 2932 ti.
858 2869 970 2932 'l'ullius
986 2887 1044 2930 non

54 2950 180 3016 dubitauit
202 2955 316 3035 aliquos
333 2957 389 3020 iam
410 2955 504 3016 editos
527 2955 619 3015 libros
640 2955 704 3015 ollis
722 2963 826 3034 postca
846 2955 963 3034 scriptis
979 2956 1044 3034 ipse

21 3033 23 3140 q
54 3033 193 3117 damnare,
223 3040 298 3100 sicut
323 3037 455 3100 catulum
478 3047 565 3118 atque
582 3038 732 3100 lucullum
754 3047 782 3100 et
803 3039 858 3099 hos
882 3040 983 3119 ipsos,
1007 3040 1044 3099 de

21 3143 24 3216 q
55 3121 102 3197 qr''
121 3143 145 3182 rs
160 3124 246 3185 modo
268 3142 331 3184 sum
352 3124 484 3200 locutus,
507 3126 576 3185 artis
598 3123 774 3184 rhetoricae.
807 3122 922 3184 litenim
939 3141 1041 3202 super·
1052 3126 1086 3182 65

54 3219 77 3260 tu
119 3227 150 3267 us
166 3208 243 3268 foret
257 3207 290 3268 iu'
308 3208 409 3269 studiis
425 3207 542 3286 longior
560 3207 659 3285 labor,
682 3209 706 3268 si
726 3208 796 3268 nibil
817 3206 922 3268 liceret
940 3206 1044 3266 melius

54 3285 77 3346 iu
117 3293 170 3352 nire
193 3292 369 3373 praeteritis.
406 3291 510 3371 Neque
532 3303 628 3354 tamen
650 3293 804 3372 quidquam
829 3310 866 3351 ex
885 3291 945 3366 his,
970 3307 1044 3368 quae

56 3377 77 3428 lt
121 3379 276 3456 praecepi,
295 3394 506 3457 supervacuum
521 3377 588 3446 luit;
613 3377 648 3437 ad
666 3378 784 3438 easdem
799 3378 874 3436 enirn
887 3373 1044 3454 particulas

21 3507 23 3554 ἶ
57 3449 77 3513 hl
142 3469 275 3540 quoque,
298 3479 372 3541 quae
392 3480 467 3521 nunc
489 3461 684 3542 praecipiam,
707 3468 905 3527 resurrectum
935 3459 975 3518 ita
994 3475 1044 3517 ne·
