2508 3958
322 215 411 265 rusu.
430 217 578 267 onsuoa.
596 219 666 268 ms.
685 219 740 286 ur,
756 217 781 273 1.
999 209 1060 276 251

77 377 146 432 sator
166 366 271 428 babeat
292 367 423 428 omnibus
445 370 484 429 ita
505 370 642 430 delensis.
687 371 740 431 llla
761 389 832 432 vero
848 372 1093 452 iucundissimas

76 452 98 512 si
111 453 255 529 contingat
268 451 385 530 aliquod
401 470 438 512 ex
453 453 621 514 adversario
639 454 748 514 ducere
764 465 972 534 argumentum,
990 466 1021 517 ut
1035 459 1061 516 si
1153 481 1158 492 ·

72 535 161 595 dicas:
183 535 317 614 Reliquit
331 535 412 598 bunc
424 545 545 614 purtem
566 555 700 614 caueae,
723 547 771 598 aut
785 541 904 601 incidie
918 558 1062 618 premere

71 619 186 694 maluit,
210 628 258 679 aut
284 619 329 680 ed
352 637 464 698 preces
485 622 620 700 consepti
639 622 761 698 metito,
784 641 853 683 eum
873 625 967 685 eoiret
983 625 1062 686 baec

70 710 96 762 et
109 703 191 766 baec.
236 703 295 764 Sed
310 719 368 762 non
386 712 452 763 sunt
470 704 603 782 singulae
625 706 742 782 species
763 707 1001 784 persequendae,
1022 719 1088 773 nes

1 782 2 785 ’
69 785 128 846 sola
144 785 310 862 videantur,
335 804 409 865 quae
424 785 501 847 forte
516 806 590 848 nunc
613 787 731 864 dixero,
753 807 818 848 cum
841 791 1014 850 occasiones
1030 798 1062 851 et

70 885 104 928 ex
126 871 219 928 causis
241 878 271 929 et
297 889 334 930 ex
356 869 440 931 dictis
454 870 685 934 adversariorum
708 881 795 931 etex
817 870 985 950 quibusdam
999 873 1059 933 ior·

69 953 140 1012 tultis
165 969 282 1032 quoquc
313 955 450 1013 oriantur.
499 953 563 1014 Nec
590 955 744 1016 referenda
770 956 856 1016 modo
883 965 982 1016 nostra
1007 955 1059 1016 sed

0 1038 1 1041 ’
69 1035 263 1114 postulandum
275 1039 360 1097 ctiam
372 1035 408 1097 ab
420 1036 606 1114 adversariis,
616 1047 647 1098 ut
659 1038 693 1098 ad
702 1039 841 1117 quaedam
852 1038 1057 1118 respondeant.

0 1185 2 1196 .
68 1116 97 1180 ld
111 1130 220 1196 autem,
233 1121 259 1179 si
276 1129 305 1180 ct
319 1122 441 1181 actionis
452 1123 598 1200 supererit
613 1122 697 1182 locus
710 1132 739 1182 et
755 1140 790 1182 ea
805 1124 1055 1201 proposuerimus,
1068 1133 1085 1188 6

0 1269 1 1274 η
70 1221 136 1281 quae
155 1204 253 1265 refelli
275 1205 476 1282 nonpossint.
520 1204 593 1265 Nam
614 1221 794 1283 provocare,
816 1223 891 1284 quae
914 1205 980 1266 inde
1002 1208 1059 1266 sint

70 1287 161 1364 fortia,
188 1305 247 1348 non
270 1289 417 1364 arguentis
443 1296 488 1347 est
507 1288 559 1349 sed
582 1289 734 1348 monentis.
786 1287 924 1348 Idunum
947 1289 1086 1367 epilogit

71 1387 151 1446 genus
176 1373 273 1432 visum
298 1380 345 1431 cst
369 1371 519 1449 plerisque
545 1370 706 1432 Atticorum
734 1381 763 1432 et
791 1371 974 1451 pbilosophis
993 1372 1056 1432 lere

72 1455 258 1534 omnibus‚qui
271 1454 308 1514 dc
320 1463 382 1516 arte
399 1456 525 1515 oratoria
541 1456 679 1533 scriptum
689 1455 796 1534 aliquid
810 1455 1000 1533 reliquerunt.
1024 1455 1057 1518 ld

70 1538 186 1599 sensisse
201 1538 319 1598 Atticos
339 1537 444 1613 credo,
460 1539 526 1616 quia
547 1537 668 1598 Athenis
689 1539 811 1598 allectus
829 1556 949 1598 morere
972 1541 1057 1600 etiam

72 1637 118 1696 per
138 1639 314 1700 praeconem
344 1620 552 1700 prohibebatur
578 1630 687 1682 orator.
737 1622 932 1700 Philosopbos
964 1622 1056 1682 minus

75 1705 161 1784 miror,
177 1707 255 1786 apud
281 1721 354 1784 quos
374 1706 434 1764 vitii
456 1705 523 1765 loco
547 1714 592 1765 est
613 1705 705 1774 allici3
728 1723 783 1765 nec
804 1705 873 1765 boni
895 1722 992 1767 mores
1014 1707 1055 1765 vi·

1 1808 14 1832 ·0
76 1784 174 1866 dentur,
197 1793 241 1850 sic
258 1805 276 1848 a
295 1804 367 1847 vero
390 1788 513 1848 iudicem
528 1790 636 1863 auerti,
651 1806 706 1847 nec
726 1790 881 1865 convenire
900 1788 976 1849 bono
992 1791 1055 1848 viro

1 1869 14 1944 ᾗ
73 1871 136 1930 vitiis
149 1875 195 1932 uti.
240 1870 436 1932 Necessarios
458 1881 553 1932 tamen
573 1871 696 1930 allectus
716 1869 896 1946 fatebuntur,
920 1873 944 1930 si
972 1873 1057 1932 aliter

72 1951 180 2015 obtineri
193 1973 268 2016 vera
290 1964 319 2014 et
333 1957 408 2014 iusta
424 1963 453 2014 et
468 1956 496 2013 in
512 1971 661 2014 commune
683 1954 833 2032 prolatura
856 1971 914 2012 non
932 1956 1054 2032 possint.

1 2070 6 2120 s
73 2033 193 2100 Ceterum
213 2037 288 2100 illud
307 2039 435 2099 constitit
454 2039 529 2098 inter
550 2055 667 2113 omnes,
689 2039 773 2096 etiam
792 2039 821 2096 in
842 2037 907 2096 aliis
926 2036 1084 2116 partibus8

1 2143 4 2154 ·
71 2122 194 2199 actionis,
219 2125 244 2183 si
268 2121 420 2200 multiplex
440 2138 527 2182 causa
548 2122 585 2180 sit
606 2129 635 2180 et
656 2119 786 2199 pluribus
808 2123 983 2198 argumentis
1006 2121 1054 2181 de·

71 2201 157 2283 tensa,
174 2207 285 2267 utiliter
302 2197 561 2282 ἀνακεφαλαίωσιν
583 2203 646 2263 lieri
667 2204 780 2271 solere:
805 2207 880 2264 sicut
899 2220 984 2264 nemo
1004 2204 1054 2263 du·

71 2283 190 2352 litaverit
204 2289 310 2350 multas
326 2307 393 2348 esse
416 2306 536 2364 causas,
551 2289 579 2347 in
595 2286 697 2365 quibus
714 2287 794 2348 nullo
810 2287 878 2347 loco
900 2289 937 2346 sit
952 2305 1054 2347 neces·

1 2370 3 2381 '
71 2372 151 2448 saria,
172 2375 195 2432 si
206 2373 315 2434 breves
332 2381 360 2432 et
373 2370 518 2450 simplices
534 2372 649 2431 luerint.
683 2369 763 2431 Haec
777 2389 845 2450 pars
861 2371 1054 2449 perorationis

1 2509 6 2522 ‚
72 2458 221 2516 accusatori
241 2466 425 2540 patronoque
440 2472 586 2532 exaequo
603 2455 761 2514 communis
776 2464 831 2513 est.
1093 2503 1096 2509 ,

143 2538 362 2601 Aiicctibus
387 2555 503 2618 quoque
531 2537 632 2600 iisdem
659 2537 724 2597 iere
745 2547 876 2612 utuntur,
907 2538 961 2598 sed
989 2536 1082 2602 alliso

1 2642 7 2653 ·
71 2615 112 2679 bic
131 2631 214 2701 atque
234 2623 286 2685 ille
309 2624 425 2702 saepius
438 2640 473 2682 ac
488 2623 597 2698 magis,
612 2639 676 2682 nam
693 2619 760 2682 huic
773 2621 920 2683 concitare
931 2621 1053 2696 iudices,

1 2759 2 2772 ,
71 2701 108 2761 illi
126 2704 242 2768 flectere
271 2707 415 2767 convenit.
458 2704 568 2765 Verum
594 2714 623 2764 et
651 2713 804 2765 accusator
828 2702 916 2764 babet
943 2704 1056 2762 interim

2 2789 3 2806 ¹
72 2783 192 2850 lacrimas
207 2809 245 2850 ex
266 2791 450 2850 miseratione
478 2790 540 2849 eius
559 2789 617 2864 rei,
639 2805 723 2866 quam
745 2787 907 2855 ulciscitur;
935 2795 964 2845 ct
986 2803 1054 2845 reus

72 2865 104 2927 de
122 2871 283 2950 indignitate
306 2873 466 2934 calumniae
486 2872 707 2949 conspirationis
722 2870 921 2930 vehementius
942 2870 1056 2928 interim

1 2937 4 2982 ‘¹
74 2955 197 3028 queritur.
240 2957 379 3017 Diuidere
395 2958 481 3033 igitur
492 2955 564 3015 haec
581 2954 677 3016 cilicia
693 2953 963 3030 commodissimum,
980 2970 1055 3031 quae

1 3086 2 3118 q
72 3033 229 3118 plemmque
246 3049 326 3115 sunt,
346 3049 376 3100 ut
391 3040 466 3114 dixi,
487 3039 638 3117 prooemio
653 3038 756 3098 similia
771 3036 823 3097 sed
839 3036 976 3098 liberiora
991 3034 1054 3114 plc-

1 3172 3 3192 ,
72 3119 209 3200 nioraque.
253 3122 402 3184 Inclinatio
419 3123 493 3183 enim
510 3122 633 3182 iudicum
649 3120 684 3182 ad
699 3138 752 3180 nos
768 3122 875 3200 petitur
889 3121 969 3180 initio
989 3120 1097 3197 par-10

124 3220 142 3279 t,
154 3223 216 3265 oum
230 3207 336 3267 admitti
353 3207 424 3267 satis
436 3215 481 3267 est
496 3215 525 3265 et
540 3206 632 3266 oratio
649 3214 709 3264 tota
724 3213 873 3283 superest;
895 3205 923 3262 in
934 3202 1053 3281 epilogo

124 3298 211 3366 test,
235 3291 347 3368 qualem
367 3292 488 3351 animum
510 3288 597 3349 ludex
617 3289 645 3348 in
667 3288 817 3348 consilium
838 3287 929 3361 ferat,
954 3293 982 3343 et
999 3286 1055 3343 iam

132 3370 272 3451 lamplius
294 3374 398 3435 dicturi
418 3390 532 3448 sumus,
559 3390 615 3432 nec
640 3380 748 3448 restat,
777 3387 834 3449 quo
859 3384 1053 3452 reservemus.

139 3453 221 3531 igitur
242 3459 371 3539 utrisque
394 3473 559 3533 commune,
583 3455 741 3516 conciliare
763 3455 834 3529 sibi,
857 3459 992 3512 auertere
1019 3449 1094 3512 abll
