2444 3972
305 195 395 244 msa.
410 195 559 245 osseos.
575 195 644 244 urs.
661 195 702 261 11,
718 191 761 245 14.
779 195 821 245 ιι.
1030 181 1070 243 85

150 347 244 426 igitur
254 349 402 409 rhetorice
428 351 443 428 (
454 350 509 410 iam
531 353 606 410 enim
627 353 689 410 sine
708 359 785 410 metu
805 350 997 410 cavillationis
1012 360 1103 414 ute-5

71 453 128 494 mur
141 433 199 494 hac
215 433 428 514 appellatione)
446 437 499 510 sic,
515 441 545 492 ut
560 437 674 513 opinor,
691 437 799 514 optime
819 433 974 512 dividetur,
991 444 1020 494 ut
1035 436 1072 495 de

72 526 165 590 arte,
190 517 228 576 de
248 517 423 594 artifice,
445 519 482 577 de
503 518 618 596 opere
642 519 778 578 dicamus.
818 518 887 578 Ars
905 521 973 595 erit,
997 537 1073 598 quae

72 601 222 679 disciplina
239 603 353 680 percipi
371 601 524 670 debet;ea
543 612 588 662 est
611 602 702 663 hene
724 603 873 662 dicendi
895 606 1070 664 scientia.

72 685 218 745 Artifex
242 695 303 761 est,
327 687 375 764 qui
395 688 530 764 percepit
550 685 624 747 hanc
647 696 755 762 artem,
782 685 811 746 id
835 697 895 761 est,
925 696 1071 764 orator,

73 771 146 830 cuius
163 778 212 830 est
228 786 336 829 summa
352 769 426 830 hene
442 770 556 839 dicere;
584 787 693 848 opus,
716 771 793 848 quod
812 771 938 830 eflicitur
954 771 989 830 ab
1005 774 1071 831 arti·

72 855 135 930 lice,
157 855 186 914 id
210 861 271 930 est,
295 853 387 914 hona
407 855 540 914 oratio.
582 853 663 914 Haeo
679 857 773 913 omnia
787 873 887 913 rursus
903 853 1074 916 diducuntur

71 939 96 997 in
110 940 243 1017 species;
265 938 318 999 sed
337 938 386 998 illa
402 941 554 1016 sequentia
571 956 624 998 suo
641 939 726 1014 loco,
748 956 824 998 nunc
840 956 913 1016 quae
932 937 969 998 de
982 941 1073 1018 prima

71 1031 147 1100 parte
163 1022 316 1082 tractanda
331 1031 412 1098 sunt,
428 1022 536 1082 ordiar.

23 743 26 790 l

217 1173 294 1233 QUID
312 1173 364 1224 SIT
383 1173 569 1226 Raunathou
586 1173 628 1224 ET
646 1173 719 1232 QUIS
738 1173 811 1224 EIUS
830 1173 924 1226 FlNlS.

147 1269 213 1330 XV.
247 1269 323 1330 Ante
340 1273 449 1347 omnia,
475 1272 542 1348 quid
561 1273 599 1330 sit
614 1269 771 1331 rhetorice.
806 1269 888 1344 Quae
904 1270 998 1330 finitur
1012 1274 1072 1349 qui·

23 1367 27 1448 p
73 1353 130 1414 dem
143 1357 227 1415 varie
240 1353 296 1414 sed
311 1357 511 1432 quaestionem
525 1353 614 1414 habet
628 1354 784 1433 duplicem,
802 1363 850 1414 aut
865 1357 938 1414 enim
951 1354 987 1414 de
1004 1372 1072 1431 qua-

23 1451 25 1498 t
72 1437 167 1500 litate'
159 1441 254 1518 ipsius
275 1440 319 1498 rei
339 1443 386 1498 aut
408 1438 444 1498 de
463 1439 726 1539 comprehensione
750 1438 906 1498 verborum
927 1438 1071 1500 dissensio

23 1487 26 1582 l
73 1533 119 1582 est.
152 1522 249 1583 Prima
267 1531 354 1600 atque
369 1524 527 1600 praecipua
549 1525 715 1602 opinionum
731 1524 809 1582 circa
823 1522 882 1582 hoe
897 1523 1071 1603 differentia,

23 1583 27 1660 l
75 1607 142 1684 qnod
165 1607 217 1667 alii
239 1605 332 1666 malos
362 1622 478 1685 quoque
505 1609 584 1666 viros
607 1621 697 1685 posse
718 1616 851 1666 oratores
873 1606 930 1667 dici
955 1615 1070 1684 putant,-

77 1690 125 1765 alii,
142 1708 267 1769 qnorum
282 1707 336 1749 uos
352 1693 514 1751 sententiae
531 1691 707 1766 accedimus,
722 1709 827 1754 nomeu
842 1690 899 1750 hoc
911 1698 1071 1768 artemque,

23 1747 27 1810 '-
78 1772 107 1832 dc
120 1793 171 1854 qua
188 1775 353 1852 loquimur,
369 1773 453 1833 honis
471 1775 582 1833 demum
602 1774 687 1833 tribui
703 1775 813 1833 volunt.
844 1773 951 1833 Eorum
967 1784 1101 1851 autem,2

76 1860 116 1935 qui
136 1858 256 1919 dicendi
278 1858 444 1918 facultatem
466 1877 481 1918 a
502 1858 612 1917 maiore
635 1875 669 1918 ao
691 1860 782 1956 magis
809 1858 974 1934 expetenda
994 1861 1072 1918 vitae

73 1941 149 2002 lande
175 1950 349 2017 secernunt,
385 1944 499 2020 quidam
523 1941 689 2002 rhetoricen
720 1943 777 2000 vim
805 1949 927 2016 tantum,
959 1941 1073 2019 quidam

73 2029 218 2088 scientiam
234 2025 288 2086 sed
305 2042 362 2085 non
376 2031 522 2092 virtutem,
540 2025 653 2104 quidam
664 2044 756 2102 usum,
773 2025 888 2104 quidam
903 2035 994 2086 artem
1009 2028 1070 2104 qui·

72 2109 130 2169 dem
146 2111 200 2172 sed
218 2128 235 2170 a
249 2112 370 2170 scientia
386 2119 415 2170 et
429 2113 535 2170 virtute
552 2110 737 2185 disiunctam,
763 2109 876 2188 quidam
899 2112 985 2169 etiam
1006 2127 1071 2187 pra·

71 2196 182 2254 vitatem
199 2195 343 2273 quandam
357 2195 441 2270 artis,
458 2195 487 2254 id
503 2203 548 2254 est
564 2195 764 2272 concrepatione,
779 2195 1007 2252 nominaverunt.
1037 2192 1101 2257 Hi3

71 2276 129 2338 iere
144 2289 194 2339 aut
216 2281 245 2338 in
261 2279 465 2356 persuadendo
484 2287 531 2338 aut
552 2281 580 2337 in
605 2277 728 2338 dicendo
750 2286 817 2356 apte
838 2276 874 2336 ad
893 2277 1071 2355 persuaden-

73 2361 274 2443 dum-positum
290 2363 391 2422 orandi
405 2380 505 2422 munus
530 2369 595 2422 sunt
609 2361 748 2422 arbitrati.
786 2360 818 2421 ld
841 2363 916 2421 enim
937 2360 1000 2420 lieri
1019 2378 1072 2440 po-

73 2454 124 2506 test
134 2447 169 2508 ah
187 2465 225 2506 eo
243 2463 370 2525 quoque,
387 2449 436 2526 qui
449 2448 494 2506 vir
508 2446 600 2507 bonus
615 2464 673 2506 non
687 2448 733 2506 sit
764 2445 818 2506 Est
834 2447 921 2523 igitur
935 2445 1071 2524 frequen·

23 2532 191 2591 tissimus
213 2532 295 2609 finis,
311 2531 381 2592 rhet
369 2533 487 2593 topicen
502 2550 568 2593 esse
587 2533 647 2592 cim
659 2532 881 2610 persuadendi.
914 2529 998 2603 Quod
1014 2546 1071 2606 ego

23 2635 26 2706 p
73 2616 127 2674 nim
144 2615 284 2694 appello,
307 2615 441 2694 plerique
457 2623 649 2693 potestatem,
674 2614 803 2674 nonnulli
821 2614 1001 2713 facultatem
1019 2631 1071 2672 ro

76 2707 146 2768 cant;
163 2717 301 2779 quaeres
314 2717 352 2759 nc
366 2699 434 2778 quid
445 2698 547 2759 afferat
558 2698 761 2777 ambiguitatis,
776 2701 837 2760 cim
852 2699 917 2758 dico
933 2691 1070 2776 δύναμιν.

23 2721 27 2868 l
74 2779 146 2844 llaec
164 2786 263 2862 opinio
280 2785 422 2884 originem
443 2781 479 2843 ab
501 2783 712 2860 Isocrate(
697 2784 744 2860 (si
764 2792 858 2842 tamen
878 2799 982 2841 revera
1003 2781 1100 2859 Ars,4

76 2881 142 2942 quas
157 2867 370 2944 circumfertur,
388 2870 449 2928 eius
463 2869 524 2947 est)
543 2867 631 2928 duxit.
664 2867 730 2943 Qui,
748 2885 811 2926 cum
826 2865 915 2943 longe
933 2867 970 2924 sit
985 2883 1001 2924 a
1016 2882 1068 2925 vo·

23 2879 176 3010 ιΙιιιῑιιῐε
197 2953 391 3012 infamantium
407 2955 532 3012 oratoris
549 2953 661 3027 officia,
678 2952 762 3012 linem
779 2952 849 3010 artis
866 2960 977 3010 temere
992 2967 1070 3009 com-

23 2997 28 3096 l
76 3033 231 3112 prehendit,
249 3035 351 3096 dicens
367 3055 434 3096 esse
450 3035 616 3096 rhetoricen
628 2998 842 3114 pdrsoodendi
863 3035 1017 3114 opificem,
1040 3033 1070 3092 id

81 3132 100 3136 ”
108 3123 265 3192 πειθοῦς
287 3111 480 3201 δημιουργόι;
507 3138 602 3197 neque
627 3122 701 3180 euim
727 3120 794 3179 mihi
821 3117 1001 3197 permiserim
1023 3133 1090 3175 ea·

78 3227 79 3243 ¹
131 3206 189 3263 uti
205 3204 410 3277 declinatione,
429 3221 483 3282 qua
500 3202 664 3264 Enninslil
683 3193 844 3281 Cethegum
858 3201 987 3264 Suodcc
1009 3219 1070 3262 me·

139 3306 187 3347 om
199 3298 297 3348 vocat.
325 3286 410 3367 Apud
425 3288 573 3348 Platonem
590 3306 705 3366 quoqne
723 3287 871 3364 Gorgias
863 3306 892 3347 ιιι
907 3285 1000 3359 libro,
1022 3285 1099 3362 quio

23 3349 29 3400 l
135 3371 183 3429 ine
204 3375 265 3431 eius
287 3373 441 3450 inscriptus
464 3380 527 3448 est,
549 3372 624 3434 idem
640 3373 703 3432 fere
719 3372 803 3439 dioit;
826 3371 879 3430 sed
900 3369 974 3428 hanc
987 3367 1070 3428 Plato

23 3401 29 3698 Ι
147 3457 327 3534 ιορῑιιίοιιιιιι
343 3456 405 3517 vult
418 3458 513 3534 accipi
528 3473 585 3515 non
600 3474 688 3516 suam.
726 3453 830 3514 Cicero
848 3451 977 3532 pluribus
996 3453 1071 3512 locis

23 3775 73 3917 l.
