2436 3956
307 203 742 271 memoriamemorial.
1003 197 1045 268 99,

30 367 156 443 Italia,
180 367 207 427 si
228 367 324 428 omnis
346 363 541 443 respublica
558 364 780 440 siolopootor:
800 361 840 424 ll.
861 362 953 441 Tulli,
971 366 1051 444 qaid

32 452 135 532 apis?
165 449 239 510 Illud
253 448 390 510 audacius
401 463 510 524 genus:
536 443 622 518 Quae
636 455 744 523 tecum,
761 445 905 524 Catilina,
921 450 967 510 sio
983 449 1047 528 apii

32 545 66 599 et
86 534 313 613 quodammodo
326 531 590 608 tacito-loquitur:
612 527 733 592 Nullum
749 533 812 592 tom
828 532 942 609 aliquot
957 533 1047 594 annis
1147 552 1152 555 ·
1186 527 1189 532 ’

30 621 170 700 facinus
184 616 282 678 extitit
295 616 355 676 nisi
363 633 423 694 per
437 620 475 676 te.
504 611 661 673 Commode
677 615 761 682 etiam
778 623 825 674 aut
840 615 923 674 nobis
936 615 1089 694 aliquasoa

34 711 109 762 ante
127 698 231 760 oculos
247 717 442 774 assererem,
460 713 665 775 personarum,
683 713 788 757 vocum
808 699 947 776 imagines
966 699 1047 776 iungi-

33 803 116 859 mus,
135 792 183 844 aut
199 783 301 842 eadem
317 781 491 842 aduersariis
508 789 555 840 aut
576 779 718 840 iudicibus
741 798 798 841 non
814 781 948 842 accidere
964 785 1047 842 mira-

34 887 121 930 mur:
139 867 235 945 qualia
253 875 318 925 sunt
338 864 464 926 Videtur
479 865 562 941 mibi,
580 872 609 924 et
624 861 730 926 Nonne
744 866 868 926 uidetur
882 866 955 932 tibi?
989 865 1048 926 Sed

34 967 147 1029 magna
163 949 303 1028 quaedam
321 949 366 1008 vis
382 947 566 1026 eloquentiae
589 946 779 1008 desideratur.
819 947 905 1008 Falsa
925 950 1000 1008 enim
1019 958 1048 1008 et

35 1033 225 1096 incredibilia
239 1041 339 1092 natura
348 1049 482 1115 *necesse
498 1040 544 1090 est
556 1039 603 1090 aut
618 1033 709 1108 magis
723 1041 869 1108 moveant,
883 1033 948 1110 quia
961 1049 1048 1111 supra

36 1137 114 1178 vera
138 1125 216 1184 suun
229 1129 231 1134 ·
245 1125 294 1176 aut
315 1115 469 1194 provenis
490 1115 684 1192 accipiantur,
710 1117 777 1194 quia
798 1133 869 1176 vera
892 1133 949 1175 non
972 1124 1046 1175 sunt.

36 1202 80 1262 Ut
96 1201 174 1262 diota
189 1207 284 1260 autem
299 1198 440 1277 quaedem
454 1198 493 1258 ita
509 1199 618 1275 scripta
630 1214 747 1275 quoque
765 1199 833 1276 fingi
846 1199 955 1277 solent,
970 1199 1091 1277 quodid

38 1287 115 1346 lacit
130 1284 247 1344 Asinius
258 1281 325 1361 pro,
332 1281 480 1342 Liburnia:
503 1279 604 1342 dlater
625 1299 715 1357 roeo,
735 1291 815 1360 qaae
828 1283 900 1347 milti
914 1291 976 1344 tum
993 1303 1048 1344 oo-

38 1369 170 1430 riesima
192 1377 253 1428 tam
274 1367 453 1430 dulcissima
471 1365 547 1443 salt,
581 1380 722 1443 cooequo
748 1367 821 1427 mibi
846 1368 922 1427 oiott
943 1367 1049 1444 bisque

40 1453 150 1516 eodem
162 1451 317 1532 diocliam
329 1450 413 1512 dedit
429 1457 458 1509 et
468 1449 595 1526 reliqum
608 1447 711 1508 deinde
724 1450 852 1512 coloreo
868 1461 940 1514 coto.
968 1449 1049 1510 llaec

41 1555 109 1600 cum
128 1553 181 1614 per
201 1533 341 1610 se'bgura
362 1541 407 1593 est
422 1541 480 1592 tum
495 1532 673 1610 duplicatur,
696 1534 829 1611 quotiens
853 1535 928 1597 sicut
948 1533 977 1593 in
994 1533 1050 1593 baa

43 1637 133 1682 causa
153 1617 189 1679 ad
210 1618 395 1678 imitationem
415 1616 534 1676 alterius
559 1617 721 1693 scripturae
744 1619 964 1696 componitur.,·-
977 1610 1108 1682 nanu

48 1711 147 1762 contra
176 1700 353 1762 recitabatur
374 1705 590 1760 tastamentum:
618 1697 652 1759 P.
675 1696 833 1764 Novanius
855 1701 970 1778 Gallio,
998 1703 1050 1763 cui

45 1805 102 1864 epo
116 1788 216 1846 omnia
230 1785 421 1847 meritissimo
435 1785 501 1846 uolo
518 1791 547 1843 et
562 1783 657 1844 debeo
678 1801 737 1861 pro
753 1786 819 1846 eius
838 1787 933 1846 animi
951 1787 984 1846 in
1002 1803 1050 1846 mo

43 1870 356 1944 commaculatam,
388 1877 419 1927 et
447 1866 567 1930 adiectis
589 1865 729 1945 deinceps
755 1868 836 1944 aliis,
864 1869 954 1930 beroe
976 1877 1049 1930 erto.

42 1952 147 2031 Incipit
160 1969 227 2012 esse
241 1950 452 2029 quodammodo
463 1942 598 2034 παρῳδή,
615 1950 809 2028 quodnomen
823 1951 938 2012 ductum
953 1969 969 2011 a
983 1968 1049 2011 ean·

44 2038 111 2097 ticis
139 2035 175 2096 sd
203 2034 324 2096 aliorum
351 2033 561 2094 similitudinem
583 2033 736 2095 modulatis
761 2035 880 2114 abusive
911 2036 996 2096 etiam
1021 2035 1050 2094 in

1 2155 2 2158 =
44 2119 269 2182 versificationis
285 2136 320 2178 ac
335 2135 504 2178 sermonum
521 2119 678 2178 imitatione
694 2128 836 2180 servetur.
867 2119 926 2179 Sed
941 2119 1048 2178 formas
1055 2131 1091 2186 36

44 2220 162 2282 quoque
178 2203 309 2280 tingimus
324 2219 432 2282 saepe4
451 2211 486 2268 ut,
501 2199 616 2266 Famam
630 2200 796 2278 Vergilius,
818 2212 848 2262 ut
863 2201 1050 2280 Voluptatem

7 2279 11 2294 ’
44 2305 81 2348 ac
94 2287 235 2372 Virtutem
251 2284 503 2366 (quemadmodum
516 2283 736 2363 aXenopbonte
749 2286 883 2366 traditur)
896 2286 1048 2360 Prodicus,

44 2379 76 2430 ut
91 2369 212 2430 Mortem
228 2386 262 2430 ac
278 2369 391 2446 Vitam,
415 2387 485 2448 quas
502 2368 712 2430 contendentes
728 2371 756 2428 in
771 2370 874 2431 Satura
891 2366 1048 2429 traditEn-

44 2455 118 2514 nius.
150 2452 204 2512 list
219 2462 248 2514 et
263 2453 391 2514 incertae
409 2469 553 2532 personae
571 2452 636 2512 licta
654 2454 764 2513 oratio:
790 2451 849 2514 llio
862 2454 985 2532 aliquit,
1006 2460 1045 2529 et,
1056 2463 1090 2521 et

43 2536 138 2599 Dicat
155 2537 277 2614 aliquis.
308 2535 362 2596 Est
383 2546 412 2598 et
425 2538 517 2597 iactus
533 2539 595 2596 sine
613 2554 739 2614 persona
758 2555 873 2604 sermo·

99 2619 157 2683 llic
170 2619 319 2701 Dolopum
332 2639 455 2696 mnus,
477 2621 527 2682 dio
547 2638 660 2682 eoooue
678 2622 821 2682 tondebat
834 2618 977 2682 Aetates.

1 2710 2 2717 ’
46 2705 131 2780 Quod
152 2705 183 2764 lit
203 2704 325 2764 mixtura
339 2704 509 2780 figurarum,
525 2721 589 2763 cum
606 2705 829 2786 apooomoaotlp
851 2703 965 2764 accedit
984 2701 1047 2780 illa,

46 2807 120 2870 quae
147 2797 193 2848 est
218 2789 355 2848 orationis
381 2805 435 2866 per
454 2787 677 2855 detractionem
702 2787 861 2848 detractum
889 2794 934 2846 est
962 2787 1048 2864 enim,

47 2874 110 2951 quis
125 2871 245 2932 diceret.
276 2871 407 2932 Vertitur
421 2869 534 2931 interim
547 2874 771 2952 apoooaonoilu
792 2871 819 2929 in
835 2871 965 2950 speciem
983 2887 1047 2929 uar-

46 2955 134 3016 randi.
166 2953 248 3016 Unde
268 2955 344 3034 apud
358 2953 514 3015 historicos
531 2955 714 3032 reperiuntur
736 2953 873 3032 obliquae
895 2953 1049 3015 allocutio·

47 3057 115 3099 nes:
130 3047 161 3098 ut
177 3039 205 3098 in
220 3037 253 3098 Τ.
268 3037 340 3098 Livii
355 3039 448 3116 primo
466 3039 561 3099 statim
584 3035 874 3118 Urbespoopoe‘ot
888 3047 993 3102 cetera
1009 3055 1050 3100 ea

46 3122 146 3200 inflata
159 3123 266 3192 uasat
287 3123 415 3198 dando,
437 3137 517 3201 ocos
532 3141 591 3183 sua
604 3122 703 3187 virtue
722 3122 957 3198 aedilitium,
980 3139 1049 3180 mo·
1090 3149 1095 3164 ι

45 3224 124 3288 onas
140 3225 213 3286 opes
227 3206 503 3285 sibimapnompuc
516 3223 625 3268 nomen
637 3205 756 3284 socero.

130 3289 301 3351 dvorsus
332 3306 449 3369 quoque
482 3305 499 3347 a
527 3288 826 3365 iudicesermo,
865 3288 913 3367 qui
945 3287 1091 3351 diciturdss

49 3364 234 3451 inerepasti,
255 3374 327 3433 mire
344 3381 458 3449 movet,
482 3373 545 3433 sive
567 3371 752 3434 adversarios
768 3371 941 3431 invadimus:
966 3367 1049 3442 outo

1 3461 2 3538 ᾖ
50 3459 124 3522 emm
137 3466 208 3520 tuoe
221 3457 291 3535 ille,
317 3455 452 3535 Tubero,
474 3457 507 3518 io
520 3456 590 3520 acie
604 3453 810 3519 Pharsalico?
832 3455 895 3596 sppe
914 3453 951 3514 nd
967 3454 1049 3514 invo-
1148 3465 1152 3471 ·
