<?xml version="1.0" encoding="UTF-8"?>
<!DOCTYPE html PUBLIC "-//W3C//DTD XHTML 1.0 Transitional//EN"
    "http://www.w3.org/TR/xhtml1/DTD/xhtml1-transitional.dtd">
<html xmlns="http://www.w3.org/1999/xhtml" xml:lang="en" lang="en">
 <head>
  <title>
</title>
<meta http-equiv="Content-Type" content="text/html;charset=utf-8" />
  <meta name='ocr-system' content='tesseract 3.04.00' />
  <meta name='ocr-capabilities' content='ocr_page ocr_carea ocr_par ocr_line ocrx_word'/>
</head>
<body>
  <div class='ocr_page' id='page_1' title='image "./mfabiiquintilia04quingoog_0130.png"; bbox 0 0 2446 3962; ppageno 0'>
   <div class='ocr_carea' id='block_1_1' title="bbox 282 153 1023 260">
    <p class='ocr_par' dir='ltr' id='par_1_1' title="bbox 282 153 1023 260">
     <span class='ocr_line' id='line_1_1' title="bbox 282 153 1023 260; baseline 0.004 -18"><span class='ocrx_word' id='word_1_1' title='bbox 282 195 371 242; x_wconf 83' lang='lat' dir='ltr'><strong>rusn.</strong></span> <span class='ocrx_word' id='word_1_2' title='bbox 387 195 536 242; x_wconf 75' lang='lat' dir='ltr'><strong>onnnon.</strong></span> <span class='ocrx_word' id='word_1_3' title='bbox 549 196 617 242; x_wconf 84' lang='lat' dir='ltr'><strong>mn.</strong></span> <span class='ocrx_word' id='word_1_4' title='bbox 631 195 680 260; x_wconf 87' lang='lat'><strong>111,</strong></span> <span class='ocrx_word' id='word_1_5' title='bbox 692 194 718 246; x_wconf 86' lang='lat' dir='ltr'><strong>o.</strong></span> <span class='ocrx_word' id='word_1_6' title='bbox 737 193 763 247; x_wconf 83' lang='lat' dir='ltr'><strong>t.</strong></span> <span class='ocrx_word' id='word_1_7' title='bbox 868 153 889 242; x_wconf 57' lang='lat'><strong>‚⁵</strong></span> <span class='ocrx_word' id='word_1_8' title='bbox 968 184 1023 246; x_wconf 87' lang='grc'><strong>131</strong></span> 
     </span>
    </p>
   </div>
   <div class='ocr_carea' id='block_1_2' title="bbox 27 346 1185 1937">
    <p class='ocr_par' dir='ltr' id='par_1_2' title="bbox 27 346 1185 1937">
     <span class='ocr_line' id='line_1_2' title="bbox 58 346 1026 431; baseline 0.009 -26"><span class='ocrx_word' id='word_1_9' title='bbox 58 346 143 408; x_wconf 84' lang='lat' dir='ltr'><strong>redire</strong></span> <span class='ocrx_word' id='word_1_10' title='bbox 155 349 257 418; x_wconf 68' lang='lat' dir='ltr'><strong>liceat,⁸</strong></span> <span class='ocrx_word' id='word_1_11' title='bbox 279 349 457 412; x_wconf 77' lang='lat' dir='ltr'><strong>terensem.</strong></span> <span class='ocrx_word' id='word_1_12' title='bbox 500 347 579 408; x_wconf 90' lang='lat' dir='ltr'><strong>ldem</strong></span> <span class='ocrx_word' id='word_1_13' title='bbox 595 357 696 425; x_wconf 90' lang='lat' dir='ltr'><strong>status,</strong></span> <span class='ocrx_word' id='word_1_14' title='bbox 713 353 761 429; x_wconf 87' lang='lat' dir='ltr'><strong>qui</strong></span> <span class='ocrx_word' id='word_1_15' title='bbox 778 353 806 411; x_wconf 92' lang='lat' dir='ltr'><strong>in</strong></span> <span class='ocrx_word' id='word_1_16' title='bbox 822 352 962 431; x_wconf 88' lang='lat' dir='ltr'><strong>petitione</strong></span> <span class='ocrx_word' id='word_1_17' title='bbox 977 353 1026 414; x_wconf 87' lang='lat' dir='ltr'><strong>ah·</strong></span> 
     </span>
     <span class='ocr_line' id='line_1_3' title="bbox 58 429 1156 513; baseline 0.013 -25"><span class='ocrx_word' id='word_1_18' title='bbox 58 429 139 500; x_wconf 79' lang='lat' dir='ltr'><strong>ditati:</strong></span> <span class='ocrx_word' id='word_1_19' title='bbox 170 435 312 512; x_wconf 79' lang='lat' dir='ltr'><strong>quaeritur</strong></span> <span class='ocrx_word' id='word_1_20' title='bbox 333 434 423 508; x_wconf 86' lang='lat' dir='ltr'><strong>enim,</strong></span> <span class='ocrx_word' id='word_1_21' title='bbox 441 451 499 494; x_wconf 74' lang='lat' dir='ltr'><strong>oo</strong></span> <span class='ocrx_word' id='word_1_22' title='bbox 519 435 617 513; x_wconf 75' lang='lat' dir='ltr'><strong>possit</strong></span> <span class='ocrx_word' id='word_1_23' title='bbox 640 452 707 496; x_wconf 78' lang='lat' dir='ltr'><strong>esse</strong></span> <span class='ocrx_word' id='word_1_24' title='bbox 731 435 822 498; x_wconf 80' lang='lat' dir='ltr'><strong>heren</strong></span> <span class='ocrx_word' id='word_1_25' title='bbox 851 437 1024 498; x_wconf 75' lang='lat' dir='ltr'><strong>obdicetur.</strong></span> <span class='ocrx_word' id='word_1_26' title='bbox 1155 499 1156 502; x_wconf 74' lang='grc'>,</span> 
     </span>
     <span class='ocr_line' id='line_1_4' title="bbox 58 511 1069 598; baseline 0.011 -26"><span class='ocrx_word' id='word_1_27' title='bbox 58 511 174 574; x_wconf 82' lang='lat' dir='ltr'><strong>Oblinitur</strong></span> <span class='ocrx_word' id='word_1_28' title='bbox 192 519 375 577; x_wconf 77' lang='lat' dir='ltr'><strong>communiter</strong></span> <span class='ocrx_word' id='word_1_29' title='bbox 401 535 417 578; x_wconf 92' lang='lat' dir='ltr'><strong>a</strong></span> <span class='ocrx_word' id='word_1_30' title='bbox 442 516 569 592; x_wconf 86' lang='lat' dir='ltr'><strong>duobus,</strong></span> <span class='ocrx_word' id='word_1_31' title='bbox 599 516 715 581; x_wconf 78' lang='lat' dir='ltr'><strong>Redire</strong></span> <span class='ocrx_word' id='word_1_32' title='bbox 736 519 790 581; x_wconf 78' lang='lat' dir='ltr'><strong>titt</strong></span> <span class='ocrx_word' id='word_1_33' title='bbox 808 522 841 580; x_wconf 83' lang='lat' dir='ltr'><strong>io</strong></span> <span class='ocrx_word' id='word_1_34' title='bbox 859 521 1069 598; x_wconf 68' lang='lat' dir='ltr'><strong>familiarem</strong></span> 
     </span>
     <span class='ocr_line' id='line_1_5' title="bbox 57 601 1026 681; baseline 0.006 -23"><span class='ocrx_word' id='word_1_35' title='bbox 57 615 102 658; x_wconf 80' lang='lat' dir='ltr'><strong>ooo</strong></span> <span class='ocrx_word' id='word_1_36' title='bbox 115 601 184 677; x_wconf 79' lang='lat' dir='ltr'><strong>hcet,</strong></span> <span class='ocrx_word' id='word_1_37' title='bbox 199 620 258 662; x_wconf 82' lang='lat' dir='ltr'><strong>ooo</strong></span> <span class='ocrx_word' id='word_1_38' title='bbox 273 603 351 663; x_wconf 83' lang='lat' dir='ltr'><strong>enim</strong></span> <span class='ocrx_word' id='word_1_39' title='bbox 366 609 459 681; x_wconf 85' lang='lat' dir='ltr'><strong>poter</strong></span> <span class='ocrx_word' id='word_1_40' title='bbox 472 603 539 662; x_wconf 78' lang='lat' dir='ltr'><strong>siue</strong></span> <span class='ocrx_word' id='word_1_41' title='bbox 553 601 659 662; x_wconf 69' lang='lat' dir='ltr'><strong>tiberis</strong></span> <span class='ocrx_word' id='word_1_42' title='bbox 673 603 814 665; x_wconf 73' lang='lat' dir='ltr'><strong><em>decessit.</em></strong></span> <span class='ocrx_word' id='word_1_43' title='bbox 851 603 910 664; x_wconf 88' lang='lat' dir='ltr'><strong>Sed</strong></span> <span class='ocrx_word' id='word_1_44' title='bbox 925 607 954 664; x_wconf 88' lang='lat' dir='ltr'><strong>in</strong></span> <span class='ocrx_word' id='word_1_45' title='bbox 969 605 1026 665; x_wconf 89' lang='lat' dir='ltr'><strong>hoe</strong></span> 
     </span>
     <span class='ocr_line' id='line_1_6' title="bbox 27 686 1025 765; baseline 0.007 -24"><span class='ocrx_word' id='word_1_46' title='bbox 27 695 29 712; x_wconf 77' lang='grc'>’</span> <span class='ocrx_word' id='word_1_47' title='bbox 57 686 151 760; x_wconf 89' lang='lat' dir='ltr'><strong>propria</strong></span> <span class='ocrx_word' id='word_1_48' title='bbox 167 689 285 764; x_wconf 82' lang='lat' dir='ltr'><strong>quisque</strong></span> <span class='ocrx_word' id='word_1_49' title='bbox 301 702 400 745; x_wconf 92' lang='lat' dir='ltr'><strong>eorum</strong></span> <span class='ocrx_word' id='word_1_50' title='bbox 418 686 589 763; x_wconf 75' lang='lat' dir='ltr'><strong>quaestione</strong></span> <span class='ocrx_word' id='word_1_51' title='bbox 604 687 719 745; x_wconf 88' lang='lat' dir='ltr'><strong>nitetur.</strong></span> <span class='ocrx_word' id='word_1_52' title='bbox 752 686 837 747; x_wconf 85' lang='lat' dir='ltr'><strong>Alter</strong></span> <span class='ocrx_word' id='word_1_53' title='bbox 849 690 923 747; x_wconf 89' lang='lat' dir='ltr'><strong>enim</strong></span> <span class='ocrx_word' id='word_1_54' title='bbox 937 688 1025 765; x_wconf 86' lang='lat' dir='ltr'><strong>dicet,</strong></span> 
     </span>
     <span class='ocr_line' id='line_1_7' title="bbox 59 763 1026 848; baseline 0.009 -25"><span class='ocrx_word' id='word_1_55' title='bbox 59 763 191 828; x_wconf 81' lang='lat' dir='ltr'><strong>abdicatum</strong></span> <span class='ocrx_word' id='word_1_56' title='bbox 210 787 326 848; x_wconf 86' lang='lat' dir='ltr'><strong>qnoque</strong></span> <span class='ocrx_word' id='word_1_57' title='bbox 348 772 422 829; x_wconf 88' lang='lat' dir='ltr'><strong>inter</strong></span> <span class='ocrx_word' id='word_1_58' title='bbox 439 769 549 829; x_wconf 88' lang='lat' dir='ltr'><strong>liberos</strong></span> <span class='ocrx_word' id='word_1_59' title='bbox 567 787 652 844; x_wconf 89' lang='lat' dir='ltr'><strong>esse,</strong></span> <span class='ocrx_word' id='word_1_60' title='bbox 676 779 705 828; x_wconf 89' lang='lat' dir='ltr'><strong>et</strong></span> <span class='ocrx_word' id='word_1_61' title='bbox 728 781 925 848; x_wconf 73' lang='lat' dir='ltr'><strong>argumentum</strong></span> <span class='ocrx_word' id='word_1_62' title='bbox 940 771 1026 832; x_wconf 85' lang='lat' dir='ltr'><strong>duoet</strong></span> 
     </span>
     <span class='ocr_line' id='line_1_8' title="bbox 58 851 1025 934; baseline 0.009 -28"><span class='ocrx_word' id='word_1_63' title='bbox 58 865 84 907; x_wconf 85' lang='lat' dir='ltr'><strong>en</strong></span> <span class='ocrx_word' id='word_1_64' title='bbox 95 851 163 928; x_wconf 89' lang='lat' dir='ltr'><strong>ipsa,</strong></span> <span class='ocrx_word' id='word_1_65' title='bbox 180 871 233 931; x_wconf 89' lang='lat' dir='ltr'><strong>qua</strong></span> <span class='ocrx_word' id='word_1_66' title='bbox 248 853 417 932; x_wconf 78' lang='lat' dir='ltr'><strong>repellitur,</strong></span> <span class='ocrx_word' id='word_1_67' title='bbox 435 853 518 929; x_wconf 84' lang='lat' dir='ltr'><strong>lege3</strong></span> <span class='ocrx_word' id='word_1_68' title='bbox 536 870 747 930; x_wconf 83' lang='lat' dir='ltr'><strong>supervacuum</strong></span> <span class='ocrx_word' id='word_1_69' title='bbox 762 857 836 914; x_wconf 83' lang='lat' dir='ltr'><strong>eninr</strong></span> <span class='ocrx_word' id='word_1_70' title='bbox 851 855 943 915; x_wconf 84' lang='lat' dir='ltr'><strong>fuisse</strong></span> <span class='ocrx_word' id='word_1_71' title='bbox 958 874 1025 934; x_wconf 88' lang='lat' dir='ltr'><strong>pno-</strong></span> 
     </span>
     <span class='ocr_line' id='line_1_9' title="bbox 56 929 1025 1014; baseline 0.008 -24"><span class='ocrx_word' id='word_1_72' title='bbox 56 929 127 993; x_wconf 80' lang='lat' dir='ltr'><strong>hiberi</strong></span> <span class='ocrx_word' id='word_1_73' title='bbox 142 939 224 1014; x_wconf 88' lang='lat' dir='ltr'><strong>patris</strong></span> <span class='ocrx_word' id='word_1_74' title='bbox 245 937 329 997; x_wconf 91' lang='lat' dir='ltr'><strong>honis</strong></span> <span class='ocrx_word' id='word_1_75' title='bbox 352 936 531 1012; x_wconf 84' lang='lat' dir='ltr'><strong>abdicatum,</strong></span> <span class='ocrx_word' id='word_1_76' title='bbox 556 938 581 996; x_wconf 89' lang='lat' dir='ltr'><strong>si</strong></span> <span class='ocrx_word' id='word_1_77' title='bbox 607 946 687 997; x_wconf 87' lang='lat' dir='ltr'><strong>esset</strong></span> <span class='ocrx_word' id='word_1_78' title='bbox 710 955 829 998; x_wconf 92' lang='lat' dir='ltr'><strong>numero</strong></span> <span class='ocrx_word' id='word_1_79' title='bbox 851 939 1025 1007; x_wconf 87' lang='lat' dir='ltr'><strong>alienorum;</strong></span> 
     </span>
     <span class='ocr_line' id='line_1_10' title="bbox 56 1020 1027 1102; baseline 0.009 -30"><span class='ocrx_word' id='word_1_80' title='bbox 56 1033 112 1076; x_wconf 89' lang='lat' dir='ltr'><strong>nune</strong></span> <span class='ocrx_word' id='word_1_81' title='bbox 126 1022 185 1098; x_wconf 78' lang='lat' dir='ltr'><strong>quia</strong></span> <span class='ocrx_word' id='word_1_82' title='bbox 199 1021 249 1082; x_wconf 87' lang='lat' dir='ltr'><strong>lilii</strong></span> <span class='ocrx_word' id='word_1_83' title='bbox 265 1024 327 1081; x_wconf 89' lang='lat' dir='ltr'><strong>iure</strong></span> <span class='ocrx_word' id='word_1_84' title='bbox 344 1021 456 1081; x_wconf 87' lang='lat' dir='ltr'><strong>futurus</strong></span> <span class='ocrx_word' id='word_1_85' title='bbox 477 1020 565 1080; x_wconf 81' lang='lat' dir='ltr'><strong>fuerit</strong></span> <span class='ocrx_word' id='word_1_86' title='bbox 585 1022 712 1084; x_wconf 86' lang='lat' dir='ltr'><strong>intestati</strong></span> <span class='ocrx_word' id='word_1_87' title='bbox 735 1020 839 1098; x_wconf 88' lang='lat' dir='ltr'><strong>heres,</strong></span> <span class='ocrx_word' id='word_1_88' title='bbox 864 1025 1027 1102; x_wconf 87' lang='lat' dir='ltr'><strong>oppositam</strong></span> 
     </span>
     <span class='ocr_line' id='line_1_11' title="bbox 56 1102 1183 1184; baseline 0.01 -28"><span class='ocrx_word' id='word_1_89' title='bbox 56 1117 107 1160; x_wconf 86' lang='lat' dir='ltr'><strong>esse</strong></span> <span class='ocrx_word' id='word_1_90' title='bbox 120 1102 223 1181; x_wconf 82' lang='lat' dir='ltr'><strong>legem,</strong></span> <span class='ocrx_word' id='word_1_91' title='bbox 246 1123 322 1184; x_wconf 90' lang='lat' dir='ltr'><strong>quae</strong></span> <span class='ocrx_word' id='word_1_92' title='bbox 341 1114 436 1164; x_wconf 89' lang='lat' dir='ltr'><strong>tamen</strong></span> <span class='ocrx_word' id='word_1_93' title='bbox 453 1122 511 1164; x_wconf 90' lang='lat' dir='ltr'><strong>non</strong></span> <span class='ocrx_word' id='word_1_94' title='bbox 525 1105 554 1164; x_wconf 93' lang='lat' dir='ltr'><strong>id</strong></span> <span class='ocrx_word' id='word_1_95' title='bbox 570 1105 693 1180; x_wconf 82' lang='lat' dir='ltr'><strong>efficiat,</strong></span> <span class='ocrx_word' id='word_1_96' title='bbox 715 1123 752 1164; x_wconf 91' lang='lat' dir='ltr'><strong>ne</strong></span> <span class='ocrx_word' id='word_1_97' title='bbox 770 1106 845 1166; x_wconf 86' lang='lat' dir='ltr'><strong>lilius</strong></span> <span class='ocrx_word' id='word_1_98' title='bbox 863 1109 900 1166; x_wconf 90' lang='lat' dir='ltr'><strong>sit</strong></span> <span class='ocrx_word' id='word_1_99' title='bbox 921 1107 1026 1167; x_wconf 87' lang='lat' dir='ltr'><strong>sedne</strong></span> <span class='ocrx_word' id='word_1_100' title='bbox 1169 1151 1183 1168; x_wconf 58' lang='lat'><strong>„</strong></span> 
     </span>
     <span class='ocr_line' id='line_1_12' title="bbox 55 1181 1172 1266; baseline 0.011 -24"><span class='ocrx_word' id='word_1_101' title='bbox 55 1181 130 1245; x_wconf 84' lang='lat' dir='ltr'><strong>heres.</strong></span> <span class='ocrx_word' id='word_1_102' title='bbox 158 1189 251 1250; x_wconf 90' lang='lat' dir='ltr'><strong>Status</strong></span> <span class='ocrx_word' id='word_1_103' title='bbox 269 1189 404 1265; x_wconf 88' lang='lat' dir='ltr'><strong>finitivus,</strong></span> <span class='ocrx_word' id='word_1_104' title='bbox 423 1187 505 1262; x_wconf 77' lang='lat' dir='ltr'><strong>Qum</strong></span> <span class='ocrx_word' id='word_1_105' title='bbox 518 1191 559 1249; x_wconf 79' lang='lat' dir='ltr'><strong>sit</strong></span> <span class='ocrx_word' id='word_1_106' title='bbox 569 1188 674 1266; x_wconf 76' lang='lat' dir='ltr'><strong>filius?</strong></span> <span class='ocrx_word' id='word_1_107' title='bbox 705 1187 816 1248; x_wconf 87' lang='lat' dir='ltr'><strong>Rursus</strong></span> <span class='ocrx_word' id='word_1_108' title='bbox 832 1190 937 1250; x_wconf 90' lang='lat' dir='ltr'><strong>nothus</strong></span> <span class='ocrx_word' id='word_1_109' title='bbox 955 1193 1069 1253; x_wconf 80' lang='lat' dir='ltr'><strong>eis-103</strong></span> <span class='ocrx_word' id='word_1_110' title='bbox 1163 1202 1172 1211; x_wconf 71' lang='grc'><strong>“’</strong></span> 
     </span>
     <span class='ocr_line' id='line_1_13' title="bbox 55 1265 1185 1350; baseline 0.008 -25"><span class='ocrx_word' id='word_1_111' title='bbox 55 1265 104 1328; x_wconf 83' lang='lat' dir='ltr'><strong>len</strong></span> <span class='ocrx_word' id='word_1_112' title='bbox 117 1271 218 1350; x_wconf 82' lang='lat' dir='ltr'><strong>colligit</strong></span> <span class='ocrx_word' id='word_1_113' title='bbox 233 1275 427 1350; x_wconf 83' lang='lat' dir='ltr'><strong>argumentis,</strong></span> <span class='ocrx_word' id='word_1_114' title='bbox 454 1289 512 1331; x_wconf 92' lang='lat' dir='ltr'><strong>non</strong></span> <span class='ocrx_word' id='word_1_115' title='bbox 527 1274 589 1332; x_wconf 89' lang='lat' dir='ltr'><strong>sine</strong></span> <span class='ocrx_word' id='word_1_116' title='bbox 605 1270 705 1332; x_wconf 85' lang='lat' dir='ltr'><strong>liberie</strong></span> <span class='ocrx_word' id='word_1_117' title='bbox 721 1281 832 1350; x_wconf 92' lang='lat' dir='ltr'><strong>patrem</strong></span> <span class='ocrx_word' id='word_1_118' title='bbox 849 1273 1026 1347; x_wconf 79' lang='lat' dir='ltr'><strong>decessisse,</strong></span> <span class='ocrx_word' id='word_1_119' title='bbox 1179 1295 1185 1306; x_wconf 61' lang='lat'><em>⁴</em></span> 
     </span>
     <span class='ocr_line' id='line_1_14' title="bbox 56 1350 1027 1435; baseline 0.006 -25"><span class='ocrx_word' id='word_1_120' title='bbox 56 1350 136 1426; x_wconf 81' lang='lat' dir='ltr'><strong>quihus</strong></span> <span class='ocrx_word' id='word_1_121' title='bbox 148 1357 175 1415; x_wconf 89' lang='lat' dir='ltr'><strong>in</strong></span> <span class='ocrx_word' id='word_1_122' title='bbox 189 1359 330 1435; x_wconf 89' lang='lat' dir='ltr'><strong>petitione</strong></span> <span class='ocrx_word' id='word_1_123' title='bbox 345 1374 413 1416; x_wconf 88' lang='lat' dir='ltr'><strong>usus</strong></span> <span class='ocrx_word' id='word_1_124' title='bbox 434 1365 488 1432; x_wconf 90' lang='lat' dir='ltr'><strong>est,</strong></span> <span class='ocrx_word' id='word_1_125' title='bbox 504 1365 535 1415; x_wconf 92' lang='lat' dir='ltr'><strong>ut</strong></span> <span class='ocrx_word' id='word_1_126' title='bbox 552 1355 690 1435; x_wconf 86' lang='lat' dir='ltr'><strong>probaret</strong></span> <span class='ocrx_word' id='word_1_127' title='bbox 707 1374 821 1418; x_wconf 89' lang='lat' dir='ltr'><strong>essese</strong></span> <span class='ocrx_word' id='word_1_128' title='bbox 837 1358 933 1418; x_wconf 85' lang='lat' dir='ltr'><strong>filium.</strong></span> <span class='ocrx_word' id='word_1_129' title='bbox 965 1357 1027 1417; x_wconf 90' lang='lat' dir='ltr'><strong>Nisi</strong></span> 
     </span>
     <span class='ocr_line' id='line_1_15' title="bbox 55 1433 1027 1513; baseline 0.012 -23"><span class='ocrx_word' id='word_1_130' title='bbox 55 1433 112 1494; x_wconf 83' lang='lat' dir='ltr'><strong>torte</strong></span> <span class='ocrx_word' id='word_1_131' title='bbox 126 1448 152 1497; x_wconf 90' lang='lat' dir='ltr'><strong>et</strong></span> <span class='ocrx_word' id='word_1_132' title='bbox 165 1440 210 1500; x_wconf 86' lang='lat' dir='ltr'><strong>hio</strong></span> <span class='ocrx_word' id='word_1_133' title='bbox 227 1441 384 1502; x_wconf 84' lang='lat' dir='ltr'><strong>linitionem</strong></span> <span class='ocrx_word' id='word_1_134' title='bbox 400 1448 513 1513; x_wconf 86' lang='lat' dir='ltr'><strong>movet,</strong></span> <span class='ocrx_word' id='word_1_135' title='bbox 536 1437 585 1500; x_wconf 84' lang='lat' dir='ltr'><strong>Ao</strong></span> <span class='ocrx_word' id='word_1_136' title='bbox 605 1441 694 1502; x_wconf 82' lang='lat' dir='ltr'><strong>tiberi</strong></span> <span class='ocrx_word' id='word_1_137' title='bbox 713 1442 774 1502; x_wconf 80' lang='lat' dir='ltr'><strong>sint</strong></span> <span class='ocrx_word' id='word_1_138' title='bbox 794 1443 885 1503; x_wconf 82' lang='lat' dir='ltr'><strong>etiem</strong></span> <span class='ocrx_word' id='word_1_139' title='bbox 904 1461 965 1503; x_wconf 84' lang='lat' dir='ltr'><strong>ooo</strong></span> <span class='ocrx_word' id='word_1_140' title='bbox 984 1445 1027 1504; x_wconf 87' lang='lat' dir='ltr'><strong>le-</strong></span> 
     </span>
     <span class='ocr_line' id='line_1_16' title="bbox 55 1519 1028 1604; baseline 0.008 -28"><span class='ocrx_word' id='word_1_141' title='bbox 55 1519 146 1592; x_wconf 76' lang='lat' dir='ltr'><strong>ptumi?</strong></span> <span class='ocrx_word' id='word_1_142' title='bbox 174 1521 284 1585; x_wconf 75' lang='lat' dir='ltr'><strong>Cadent</strong></span> <span class='ocrx_word' id='word_1_143' title='bbox 308 1541 380 1602; x_wconf 77' lang='lat' dir='ltr'><strong>ergo</strong></span> <span class='ocrx_word' id='word_1_144' title='bbox 402 1527 430 1584; x_wconf 91' lang='lat' dir='ltr'><strong>in</strong></span> <span class='ocrx_word' id='word_1_145' title='bbox 454 1541 538 1585; x_wconf 90' lang='lat' dir='ltr'><strong>unam</strong></span> <span class='ocrx_word' id='word_1_146' title='bbox 554 1526 781 1585; x_wconf 80' lang='lat' dir='ltr'><strong>controversiam</strong></span> <span class='ocrx_word' id='word_1_147' title='bbox 796 1525 844 1585; x_wconf 90' lang='lat' dir='ltr'><strong>vel</strong></span> <span class='ocrx_word' id='word_1_148' title='bbox 860 1527 1028 1604; x_wconf 78' lang='lat' dir='ltr'><strong>specialiter</strong></span> 
     </span>
     <span class='ocr_line' id='line_1_17' title="bbox 56 1599 1028 1688; baseline 0.01 -29"><span class='ocrx_word' id='word_1_149' title='bbox 56 1599 97 1660; x_wconf 89' lang='lat' dir='ltr'><strong>luo</strong></span> <span class='ocrx_word' id='word_1_150' title='bbox 119 1605 230 1684; x_wconf 77' lang='lat' dir='ltr'><strong>legitimi</strong></span> <span class='ocrx_word' id='word_1_151' title='bbox 258 1611 478 1688; x_wconf 79' lang='lat' dir='ltr'><strong>statussoripti</strong></span> <span class='ocrx_word' id='word_1_152' title='bbox 504 1617 533 1668; x_wconf 86' lang='lat' dir='ltr'><strong>et</strong></span> <span class='ocrx_word' id='word_1_153' title='bbox 559 1610 715 1669; x_wconf 90' lang='lat' dir='ltr'><strong>voluntatis</strong></span> <span class='ocrx_word' id='word_1_154' title='bbox 738 1617 767 1669; x_wconf 91' lang='lat' dir='ltr'><strong>et</strong></span> <span class='ocrx_word' id='word_1_155' title='bbox 788 1609 976 1686; x_wconf 80' lang='lat' dir='ltr'><strong>syllogismos</strong></span> <span class='ocrx_word' id='word_1_156' title='bbox 999 1619 1028 1669; x_wconf 91' lang='lat' dir='ltr'><strong>et</strong></span> 
     </span>
     <span class='ocr_line' id='line_1_18' title="bbox 58 1692 1029 1770; baseline 0.009 -26"><span class='ocrx_word' id='word_1_157' title='bbox 58 1697 179 1758; x_wconf 82' lang='lat' dir='ltr'><strong>praeterea</strong></span> <span class='ocrx_word' id='word_1_158' title='bbox 194 1692 296 1768; x_wconf 87' lang='lat' dir='ltr'><strong>linitio,</strong></span> <span class='ocrx_word' id='word_1_159' title='bbox 314 1693 438 1752; x_wconf 87' lang='lat' dir='ltr'><strong>veltres</strong></span> <span class='ocrx_word' id='word_1_160' title='bbox 454 1693 507 1767; x_wconf 86' lang='lat' dir='ltr'><strong>illi,</strong></span> <span class='ocrx_word' id='word_1_161' title='bbox 525 1694 573 1770; x_wconf 88' lang='lat' dir='ltr'><strong>qui</strong></span> <span class='ocrx_word' id='word_1_162' title='bbox 588 1701 688 1753; x_wconf 89' lang='lat' dir='ltr'><strong>natura</strong></span> <span class='ocrx_word' id='word_1_163' title='bbox 701 1692 757 1752; x_wconf 92' lang='lat' dir='ltr'><strong>soli</strong></span> <span class='ocrx_word' id='word_1_164' title='bbox 768 1701 843 1768; x_wconf 89' lang='lat' dir='ltr'><strong>sunt,</strong></span> <span class='ocrx_word' id='word_1_165' title='bbox 861 1696 1029 1754; x_wconf 80' lang='lat' dir='ltr'><strong>coniectura</strong></span> 
     </span>
     <span class='ocr_line' id='line_1_19' title="bbox 58 1766 1028 1856; baseline 0.003 -25"><span class='ocrx_word' id='word_1_166' title='bbox 58 1766 178 1854; x_wconf 83' lang='lat' dir='ltr'><strong>hsrrtpto</strong></span> <span class='ocrx_word' id='word_1_167' title='bbox 195 1786 223 1836; x_wconf 89' lang='lat' dir='ltr'><strong>et</strong></span> <span class='ocrx_word' id='word_1_168' title='bbox 241 1777 403 1852; x_wconf 88' lang='lat' dir='ltr'><strong>voluntate,</strong></span> <span class='ocrx_word' id='word_1_169' title='bbox 425 1777 547 1856; x_wconf 86' lang='lat' dir='ltr'><strong>qualitas</strong></span> <span class='ocrx_word' id='word_1_170' title='bbox 565 1779 594 1834; x_wconf 92' lang='lat' dir='ltr'><strong>in</strong></span> <span class='ocrx_word' id='word_1_171' title='bbox 609 1776 801 1852; x_wconf 72' lang='lat' dir='ltr'><strong>syllogismo,</strong></span> <span class='ocrx_word' id='word_1_172' title='bbox 819 1785 864 1852; x_wconf 91' lang='lat' dir='ltr'><strong>et,</strong></span> <span class='ocrx_word' id='word_1_173' title='bbox 882 1795 957 1856; x_wconf 88' lang='lat' dir='ltr'><strong>quae</strong></span> <span class='ocrx_word' id='word_1_174' title='bbox 974 1795 1028 1855; x_wconf 90' lang='lat' dir='ltr'><strong>per</strong></span> 
     </span>
     <span class='ocr_line' id='line_1_20' title="bbox 58 1861 375 1937; baseline 0.032 -29"><span class='ocrx_word' id='word_1_175' title='bbox 58 1866 82 1908; x_wconf 85' lang='lat' dir='ltr'><strong>se</strong></span> <span class='ocrx_word' id='word_1_176' title='bbox 93 1865 126 1914; x_wconf 85' lang='lat' dir='ltr'><strong>est</strong></span> <span class='ocrx_word' id='word_1_177' title='bbox 140 1869 254 1937; x_wconf 87' lang='lat' dir='ltr'><strong>aperta,</strong></span> <span class='ocrx_word' id='word_1_178' title='bbox 275 1861 375 1920; x_wconf 82' lang='lat' dir='ltr'><strong>finitio.</strong></span> 
     </span>
    </p>
   </div>
   <div class='ocr_carea' id='block_1_3' title="bbox 53 1939 1182 2105">
    <p class='ocr_par' dir='ltr' id='par_1_3' title="bbox 53 1939 1182 2105">
     <span class='ocr_line' id='line_1_21' title="bbox 119 1939 1177 2024; baseline 0.005 -23"><span class='ocrx_word' id='word_1_179' title='bbox 119 1939 203 2004; x_wconf 86' lang='lat' dir='ltr'><strong>Gausa</strong></span> <span class='ocrx_word' id='word_1_180' title='bbox 217 1961 336 2024; x_wconf 84' lang='lat' dir='ltr'><strong>quoque</strong></span> <span class='ocrx_word' id='word_1_181' title='bbox 353 1953 381 2004; x_wconf 89' lang='lat' dir='ltr'><strong>et</strong></span> <span class='ocrx_word' id='word_1_182' title='bbox 394 1943 531 2004; x_wconf 78' lang='lat' dir='ltr'><strong>iudicatio</strong></span> <span class='ocrx_word' id='word_1_183' title='bbox 549 1952 578 2002; x_wconf 89' lang='lat' dir='ltr'><strong>et</strong></span> <span class='ocrx_word' id='word_1_184' title='bbox 591 1942 741 2003; x_wconf 84' lang='lat' dir='ltr'><strong>continens</strong></span> <span class='ocrx_word' id='word_1_185' title='bbox 764 1951 810 2002; x_wconf 90' lang='lat' dir='ltr'><strong>est</strong></span> <span class='ocrx_word' id='word_1_186' title='bbox 825 1944 854 2002; x_wconf 91' lang='lat' dir='ltr'><strong>in</strong></span> <span class='ocrx_word' id='word_1_187' title='bbox 869 1943 944 2002; x_wconf 92' lang='lat' dir='ltr'><strong>omni</strong></span> <span class='ocrx_word' id='word_1_188' title='bbox 959 1960 1009 2020; x_wconf 83' lang='lat' dir='ltr'><strong>ge·</strong></span> <span class='ocrx_word' id='word_1_189' title='bbox 1020 1951 1072 2006; x_wconf 79' lang='lat'><strong>104</strong></span> <span class='ocrx_word' id='word_1_190' title='bbox 1176 1955 1177 1958; x_wconf 76' lang='grc'>’</span> 
     </span>
     <span class='ocr_line' id='line_1_22' title="bbox 53 2027 1182 2105; baseline 0.009 -29"><span class='ocrx_word' id='word_1_191' title='bbox 53 2035 106 2082; x_wconf 84' lang='lat' dir='ltr'><strong>nere</strong></span> <span class='ocrx_word' id='word_1_192' title='bbox 119 2043 271 2089; x_wconf 85' lang='lat' dir='ltr'><strong>eausamm.</strong></span> <span class='ocrx_word' id='word_1_193' title='bbox 303 2027 380 2088; x_wconf 89' lang='lat' dir='ltr'><strong>Nihil</strong></span> <span class='ocrx_word' id='word_1_194' title='bbox 398 2029 598 2104; x_wconf 89' lang='lat' dir='ltr'><strong>enimdioitur,</strong></span> <span class='ocrx_word' id='word_1_195' title='bbox 616 2028 662 2088; x_wconf 89' lang='lat' dir='ltr'><strong>oui</strong></span> <span class='ocrx_word' id='word_1_196' title='bbox 676 2044 735 2087; x_wconf 92' lang='lat' dir='ltr'><strong>non</strong></span> <span class='ocrx_word' id='word_1_197' title='bbox 749 2028 815 2087; x_wconf 88' lang='lat' dir='ltr'><strong>insit</strong></span> <span class='ocrx_word' id='word_1_198' title='bbox 830 2029 904 2087; x_wconf 91' lang='lat' dir='ltr'><strong>ratio</strong></span> <span class='ocrx_word' id='word_1_199' title='bbox 924 2035 953 2086; x_wconf 87' lang='lat' dir='ltr'><strong>et</strong></span> <span class='ocrx_word' id='word_1_200' title='bbox 971 2044 1027 2105; x_wconf 89' lang='lat' dir='ltr'><strong>quo</strong></span> <span class='ocrx_word' id='word_1_201' title='bbox 1118 2050 1119 2053; x_wconf 41' lang='lat'>¹</span> <span class='ocrx_word' id='word_1_202' title='bbox 1179 2049 1182 2052; x_wconf 94' lang='lat'>·</span> 
     </span>
    </p>
   </div>
   <div class='ocr_carea' id='block_1_4' title="bbox 50 2102 1028 2525">
    <p class='ocr_par' dir='ltr' id='par_1_4' title="bbox 50 2102 1028 2525">
     <span class='ocr_line' id='line_1_23' title="bbox 52 2102 1027 2190; baseline 0.008 -28"><span class='ocrx_word' id='word_1_203' title='bbox 52 2102 161 2169; x_wconf 81' lang='lat' dir='ltr'><strong>iodicium</strong></span> <span class='ocrx_word' id='word_1_204' title='bbox 174 2113 320 2172; x_wconf 81' lang='lat' dir='ltr'><strong>referatur</strong></span> <span class='ocrx_word' id='word_1_205' title='bbox 335 2122 364 2171; x_wconf 89' lang='lat' dir='ltr'><strong>et</strong></span> <span class='ocrx_word' id='word_1_206' title='bbox 380 2112 457 2190; x_wconf 89' lang='lat' dir='ltr'><strong>quod</strong></span> <span class='ocrx_word' id='word_1_207' title='bbox 478 2129 540 2172; x_wconf 88' lang='lat' dir='ltr'><strong>nem</strong></span> <span class='ocrx_word' id='word_1_208' title='bbox 556 2114 679 2172; x_wconf 87' lang='lat' dir='ltr'><strong>maxime</strong></span> <span class='ocrx_word' id='word_1_209' title='bbox 695 2113 850 2171; x_wconf 89' lang='lat' dir='ltr'><strong>eontineat.</strong></span> <span class='ocrx_word' id='word_1_210' title='bbox 887 2111 947 2172; x_wconf 87' lang='lat' dir='ltr'><strong>Sed</strong></span> <span class='ocrx_word' id='word_1_211' title='bbox 962 2113 1027 2188; x_wconf 89' lang='lat' dir='ltr'><strong>quia</strong></span> 
     </span>
     <span class='ocr_line' id='line_1_24' title="bbox 50 2193 1027 2268; baseline 0.003 -20"><span class='ocrx_word' id='word_1_212' title='bbox 50 2193 124 2267; x_wconf 79' lang='lat' dir='ltr'><strong>nugis</strong></span> <span class='ocrx_word' id='word_1_213' title='bbox 145 2193 215 2255; x_wconf 84' lang='lat' dir='ltr'><strong>haee</strong></span> <span class='ocrx_word' id='word_1_214' title='bbox 241 2197 390 2258; x_wconf 80' lang='lat' dir='ltr'><strong>variantur</strong></span> <span class='ocrx_word' id='word_1_215' title='bbox 411 2198 439 2255; x_wconf 92' lang='lat' dir='ltr'><strong>in</strong></span> <span class='ocrx_word' id='word_1_216' title='bbox 463 2195 560 2255; x_wconf 84' lang='lat' dir='ltr'><strong>litibus</strong></span> <span class='ocrx_word' id='word_1_217' title='bbox 586 2205 614 2255; x_wconf 90' lang='lat' dir='ltr'><strong>et</strong></span> <span class='ocrx_word' id='word_1_218' title='bbox 634 2196 699 2255; x_wconf 86' lang='lat' dir='ltr'><strong>lene</strong></span> <span class='ocrx_word' id='word_1_219' title='bbox 718 2195 822 2255; x_wconf 89' lang='lat' dir='ltr'><strong>tradita</strong></span> <span class='ocrx_word' id='word_1_220' title='bbox 840 2203 906 2254; x_wconf 90' lang='lat' dir='ltr'><strong>sunt</strong></span> <span class='ocrx_word' id='word_1_221' title='bbox 927 2193 1027 2268; x_wconf 88' lang='lat' dir='ltr'><strong>abiis,</strong></span> 
     </span>
     <span class='ocr_line' id='line_1_25' title="bbox 52 2275 1028 2358; baseline 0.004 -27"><span class='ocrx_word' id='word_1_222' title='bbox 52 2275 88 2347; x_wconf 84' lang='lat' dir='ltr'><strong>pu</strong></span> <span class='ocrx_word' id='word_1_223' title='bbox 101 2276 132 2335; x_wconf 86' lang='lat' dir='ltr'><strong>de</strong></span> <span class='ocrx_word' id='word_1_224' title='bbox 147 2278 327 2341; x_wconf 76' lang='lat' dir='ltr'><strong>iudicialibus</strong></span> <span class='ocrx_word' id='word_1_225' title='bbox 344 2282 438 2339; x_wconf 92' lang='lat' dir='ltr'><strong>oausis</strong></span> <span class='ocrx_word' id='word_1_226' title='bbox 457 2279 554 2358; x_wconf 86' lang='lat' dir='ltr'><strong>aliqua</strong></span> <span class='ocrx_word' id='word_1_227' title='bbox 570 2288 806 2358; x_wconf 83' lang='lat' dir='ltr'><strong>composuerunt,</strong></span> <span class='ocrx_word' id='word_1_228' title='bbox 824 2279 854 2336; x_wconf 88' lang='lat' dir='ltr'><strong>in</strong></span> <span class='ocrx_word' id='word_1_229' title='bbox 869 2277 948 2339; x_wconf 90' lang='lat' dir='ltr'><strong>illam</strong></span> <span class='ocrx_word' id='word_1_230' title='bbox 962 2294 1028 2355; x_wconf 88' lang='lat' dir='ltr'><strong>par-</strong></span> 
     </span>
     <span class='ocr_line' id='line_1_26' title="bbox 51 2359 1027 2443; baseline 0.003 -26"><span class='ocrx_word' id='word_1_231' title='bbox 51 2360 95 2417; x_wconf 80' lang='lat' dir='ltr'><strong>tem</strong></span> <span class='ocrx_word' id='word_1_232' title='bbox 112 2359 281 2425; x_wconf 76' lang='lat' dir='ltr'><strong>differantur.</strong></span> <span class='ocrx_word' id='word_1_233' title='bbox 314 2362 407 2440; x_wconf 87' lang='lat' dir='ltr'><strong>Nune,</strong></span> <span class='ocrx_word' id='word_1_234' title='bbox 429 2365 495 2441; x_wconf 87' lang='lat' dir='ltr'><strong>quia</strong></span> <span class='ocrx_word' id='word_1_235' title='bbox 509 2364 538 2422; x_wconf 91' lang='lat' dir='ltr'><strong>in</strong></span> <span class='ocrx_word' id='word_1_236' title='bbox 552 2365 605 2422; x_wconf 86' lang='lat' dir='ltr'><strong>tria</strong></span> <span class='ocrx_word' id='word_1_237' title='bbox 621 2380 732 2440; x_wconf 83' lang='lat' dir='ltr'><strong>genera</strong></span> <span class='ocrx_word' id='word_1_238' title='bbox 748 2379 850 2422; x_wconf 83' lang='lat' dir='ltr'><strong>causas</strong></span> <span class='ocrx_word' id='word_1_239' title='bbox 860 2361 962 2443; x_wconf 78' lang='lat' dir='ltr'><strong>diuisi,</strong></span> <span class='ocrx_word' id='word_1_240' title='bbox 982 2376 1027 2420; x_wconf 89' lang='lat' dir='ltr'><strong>or-</strong></span> 
     </span>
     <span class='ocr_line' id='line_1_27' title="bbox 52 2437 251 2525; baseline 0.065 -30"><span class='ocrx_word' id='word_1_241' title='bbox 52 2437 127 2502; x_wconf 86' lang='lat' dir='ltr'><strong>dinem</strong></span> <span class='ocrx_word' id='word_1_242' title='bbox 141 2463 251 2525; x_wconf 84' lang='lat' dir='ltr'><strong>sequar.</strong></span> 
     </span>
    </p>
   </div>
   <div class='ocr_carea' id='block_1_5' title="bbox 27 2597 789 2708">
    <p class='ocr_par' dir='ltr' id='par_1_5' title="bbox 27 2597 789 2708">
     <span class='ocr_line' id='line_1_28' title="bbox 265 2597 789 2651; baseline 0.004 -2"><span class='ocrx_word' id='word_1_243' title='bbox 265 2600 309 2649; x_wconf 81' lang='lat' dir='ltr'><strong>DE</strong></span> <span class='ocrx_word' id='word_1_244' title='bbox 327 2598 438 2650; x_wconf 81' lang='lat' dir='ltr'><strong>LAUDE</strong></span> <span class='ocrx_word' id='word_1_245' title='bbox 458 2599 498 2647; x_wconf 81' lang='grc' dir='ltr'><strong>ΕΤ</strong></span> <span class='ocrx_word' id='word_1_246' title='bbox 516 2597 789 2651; x_wconf 75' lang='grc' dir='ltr'><strong>ἮΤΠΡΕΗΑΤΙΟΝΕ.</strong></span> 
     </span>
     <span class='ocr_line' id='line_1_29' title="bbox 27 2675 29 2708; baseline 0 0"><span class='ocrx_word' id='word_1_247' title='bbox 27 2675 29 2708; x_wconf 79' lang='lat' dir='ltr'><strong>t</strong></span> 
     </span>
    </p>
   </div>
   <div class='ocr_carea' id='block_1_6' title="bbox 27 2692 1196 3442">
    <p class='ocr_par' dir='ltr' id='par_1_6' title="bbox 27 2692 1029 2774">
     <span class='ocr_line' id='line_1_30' title="bbox 27 2692 1029 2774; baseline -0.005 -18"><span class='ocrx_word' id='word_1_248' title='bbox 27 2709 29 2740; x_wconf 82' lang='lat'><strong>¹</strong></span> <span class='ocrx_word' id='word_1_249' title='bbox 115 2692 174 2755; x_wconf 79' lang='lat' dir='ltr'><strong>vu,</strong></span> <span class='ocrx_word' id='word_1_250' title='bbox 204 2697 249 2756; x_wconf 84' lang='lat' dir='ltr'><strong>Ao</strong></span> <span class='ocrx_word' id='word_1_251' title='bbox 267 2697 446 2774; x_wconf 90' lang='lat' dir='ltr'><strong>potissimum</strong></span> <span class='ocrx_word' id='word_1_252' title='bbox 461 2696 595 2773; x_wconf 85' lang='lat' dir='ltr'><strong>incipiam</strong></span> <span class='ocrx_word' id='word_1_253' title='bbox 612 2694 647 2754; x_wconf 94' lang='lat' dir='ltr'><strong>ab</strong></span> <span class='ocrx_word' id='word_1_254' title='bbox 664 2713 715 2770; x_wconf 90' lang='lat' dir='ltr'><strong>ea,</strong></span> <span class='ocrx_word' id='word_1_255' title='bbox 733 2710 807 2772; x_wconf 89' lang='lat' dir='ltr'><strong>quae</strong></span> <span class='ocrx_word' id='word_1_256' title='bbox 824 2701 936 2752; x_wconf 85' lang='lat' dir='ltr'><strong>constat</strong></span> <span class='ocrx_word' id='word_1_257' title='bbox 952 2693 1029 2752; x_wconf 89' lang='lat' dir='ltr'><strong>lau-</strong></span> 
     </span>
    </p>

    <p class='ocr_par' dir='ltr' id='par_1_7' title="bbox 27 2767 1196 3442">
     <span class='ocr_line' id='line_1_31' title="bbox 53 2767 1029 2859; baseline -0.001 -24"><span class='ocrx_word' id='word_1_258' title='bbox 53 2767 82 2828; x_wconf 79' lang='lat' dir='ltr'><strong>de</strong></span> <span class='ocrx_word' id='word_1_259' title='bbox 99 2793 129 2836; x_wconf 90' lang='lat' dir='ltr'><strong>ae</strong></span> <span class='ocrx_word' id='word_1_260' title='bbox 151 2781 445 2859; x_wconf 86' lang='lat' dir='ltr'><strong>vituperatione.</strong></span> <span class='ocrx_word' id='word_1_261' title='bbox 485 2777 570 2851; x_wconf 80' lang='lat' dir='ltr'><strong>Quod</strong></span> <span class='ocrx_word' id='word_1_262' title='bbox 596 2796 689 2855; x_wconf 84' lang='lat' dir='ltr'><strong>genus</strong></span> <span class='ocrx_word' id='word_1_263' title='bbox 717 2777 830 2836; x_wconf 81' lang='lat' dir='ltr'><strong>uidetur</strong></span> <span class='ocrx_word' id='word_1_264' title='bbox 851 2776 1029 2835; x_wconf 84' lang='lat' dir='ltr'><strong>Aristoteles</strong></span> 
     </span>
     <span class='ocr_line' id='line_1_32' title="bbox 27 2851 1030 2940; baseline 0.001 -23"><span class='ocrx_word' id='word_1_265' title='bbox 27 2851 29 2932; x_wconf 54' lang='grc' dir='ltr'><strong><em>ζ</em></strong></span> <span class='ocrx_word' id='word_1_266' title='bbox 52 2861 120 2933; x_wconf 80' lang='lat' dir='ltr'><strong>tique</strong></span> <span class='ocrx_word' id='word_1_267' title='bbox 139 2880 201 2922; x_wconf 86' lang='lat' dir='ltr'><strong>eum</strong></span> <span class='ocrx_word' id='word_1_268' title='bbox 220 2872 340 2923; x_wconf 85' lang='lat' dir='ltr'><strong>secutus</strong></span> <span class='ocrx_word' id='word_1_269' title='bbox 358 2860 577 2940; x_wconf 80' lang='lat' dir='ltr'><strong>Theophrastus</strong></span> <span class='ocrx_word' id='word_1_270' title='bbox 597 2869 712 2939; x_wconf 89' lang='lat' dir='ltr'><strong>aparte</strong></span> <span class='ocrx_word' id='word_1_271' title='bbox 727 2859 884 2936; x_wconf 85' lang='lat' dir='ltr'><strong>negotiali,</strong></span> <span class='ocrx_word' id='word_1_272' title='bbox 907 2858 965 2918; x_wconf 90' lang='lat' dir='ltr'><strong>hoo</strong></span> <span class='ocrx_word' id='word_1_273' title='bbox 985 2869 1030 2918; x_wconf 90' lang='lat' dir='ltr'><strong>est</strong></span> 
     </span>
     <span class='ocr_line' id='line_1_33' title="bbox 27 2942 1029 3029; baseline 0.002 -29"><span class='ocrx_word' id='word_1_274' title='bbox 27 2983 28 3024; x_wconf 61' lang='lat'><strong>,</strong></span> <span class='ocrx_word' id='word_1_275' title='bbox 50 2950 224 3029; x_wconf 74' lang='grc' dir='ltr'><strong><em>πραγματικῇ,</em></strong></span> <span class='ocrx_word' id='word_1_276' title='bbox 232 2947 396 3007; x_wconf 89' lang='lat' dir='ltr'><strong>removisse</strong></span> <span class='ocrx_word' id='word_1_277' title='bbox 409 2955 555 3024; x_wconf 86' lang='lat' dir='ltr'><strong>totamque</strong></span> <span class='ocrx_word' id='word_1_278' title='bbox 564 2945 600 3006; x_wconf 89' lang='lat' dir='ltr'><strong>ad</strong></span> <span class='ocrx_word' id='word_1_279' title='bbox 612 2946 694 3005; x_wconf 90' lang='lat' dir='ltr'><strong>solos</strong></span> <span class='ocrx_word' id='word_1_280' title='bbox 707 2946 852 3006; x_wconf 88' lang='lat' dir='ltr'><strong>auditores</strong></span> <span class='ocrx_word' id='word_1_281' title='bbox 864 2942 1029 3020; x_wconf 83' lang='lat' dir='ltr'><strong>relegasse,</strong></span> 
     </span>
     <span class='ocr_line' id='line_1_34' title="bbox 27 3023 1030 3108; baseline 0.001 -24"><span class='ocrx_word' id='word_1_282' title='bbox 27 3031 31 3100; x_wconf 75' lang='lat' dir='ltr'><strong>l</strong></span> <span class='ocrx_word' id='word_1_283' title='bbox 52 3028 74 3077; x_wconf 83' lang='lat' dir='ltr'><strong>et</strong></span> <span class='ocrx_word' id='word_1_284' title='bbox 89 3023 113 3084; x_wconf 88' lang='lat' dir='ltr'><strong>ld</strong></span> <span class='ocrx_word' id='word_1_285' title='bbox 131 3030 189 3089; x_wconf 89' lang='lat' dir='ltr'><strong>eius</strong></span> <span class='ocrx_word' id='word_1_286' title='bbox 207 3033 348 3104; x_wconf 89' lang='lat' dir='ltr'><strong>nominis,</strong></span> <span class='ocrx_word' id='word_1_287' title='bbox 372 3031 449 3108; x_wconf 88' lang='lat' dir='ltr'><strong>quod</strong></span> <span class='ocrx_word' id='word_1_288' title='bbox 472 3029 507 3088; x_wconf 89' lang='lat' dir='ltr'><strong>ab</strong></span> <span class='ocrx_word' id='word_1_289' title='bbox 526 3031 720 3104; x_wconf 84' lang='lat' dir='ltr'><strong>ostentatione</strong></span> <span class='ocrx_word' id='word_1_290' title='bbox 734 3028 857 3102; x_wconf 92' lang='lat' dir='ltr'><strong>dueitur,</strong></span> <span class='ocrx_word' id='word_1_291' title='bbox 880 3029 1030 3105; x_wconf 89' lang='lat' dir='ltr'><strong>proprium</strong></span> 
     </span>
     <span class='ocr_line' id='line_1_35' title="bbox 27 3107 1196 3190; baseline 0.008 -30"><span class='ocrx_word' id='word_1_292' title='bbox 27 3107 29 3190; x_wconf 73' lang='grc' dir='ltr'><strong>ξ</strong></span> <span class='ocrx_word' id='word_1_293' title='bbox 51 3113 92 3164; x_wconf 88' lang='lat' dir='ltr'><strong>est.</strong></span> <span class='ocrx_word' id='word_1_294' title='bbox 120 3110 175 3173; x_wconf 87' lang='lat' dir='ltr'><strong>Sed</strong></span> <span class='ocrx_word' id='word_1_295' title='bbox 194 3132 258 3174; x_wconf 86' lang='lat' dir='ltr'><strong>mos</strong></span> <span class='ocrx_word' id='word_1_296' title='bbox 276 3113 422 3174; x_wconf 86' lang='lat' dir='ltr'><strong>Romanus</strong></span> <span class='ocrx_word' id='word_1_297' title='bbox 445 3116 531 3174; x_wconf 89' lang='lat' dir='ltr'><strong>etiam</strong></span> <span class='ocrx_word' id='word_1_298' title='bbox 551 3113 677 3190; x_wconf 77' lang='lat' dir='ltr'><strong>negotiis</strong></span> <span class='ocrx_word' id='word_1_299' title='bbox 699 3111 757 3172; x_wconf 86' lang='lat' dir='ltr'><strong>hoe</strong></span> <span class='ocrx_word' id='word_1_300' title='bbox 777 3128 877 3171; x_wconf 91' lang='lat' dir='ltr'><strong>munus</strong></span> <span class='ocrx_word' id='word_1_301' title='bbox 898 3112 1056 3170; x_wconf 73' lang='lat' dir='ltr'><strong>insenuitt</strong></span> <span class='ocrx_word' id='word_1_302' title='bbox 1150 3121 1196 3178; x_wconf 63' lang='lat'><strong>11:</strong></span> 
     </span>
     <span class='ocr_line' id='line_1_36' title="bbox 27 3181 1192 3275; baseline -0.003 -21"><span class='ocrx_word' id='word_1_303' title='bbox 27 3215 28 3254; x_wconf 72' lang='grc' dir='ltr'><em>ῑ</em></span> <span class='ocrx_word' id='word_1_304' title='bbox 49 3181 83 3246; x_wconf 75' lang='lat' dir='ltr'><strong>No</strong></span> <span class='ocrx_word' id='word_1_305' title='bbox 126 3204 152 3253; x_wconf 89' lang='lat' dir='ltr'><strong>et</strong></span> <span class='ocrx_word' id='word_1_306' title='bbox 174 3197 312 3258; x_wconf 80' lang='lat' dir='ltr'><strong>funebres</strong></span> <span class='ocrx_word' id='word_1_307' title='bbox 334 3197 515 3258; x_wconf 90' lang='lat' dir='ltr'><strong>laudationes</strong></span> <span class='ocrx_word' id='word_1_308' title='bbox 536 3197 664 3275; x_wconf 87' lang='lat' dir='ltr'><strong>pendent</strong></span> <span class='ocrx_word' id='word_1_309' title='bbox 684 3195 855 3275; x_wconf 85' lang='lat' dir='ltr'><strong>frequenter</strong></span> <span class='ocrx_word' id='word_1_310' title='bbox 875 3212 913 3253; x_wconf 85' lang='lat' dir='ltr'><strong>ex</strong></span> <span class='ocrx_word' id='word_1_311' title='bbox 930 3194 1029 3271; x_wconf 86' lang='lat' dir='ltr'><strong>aliquo</strong></span> <span class='ocrx_word' id='word_1_312' title='bbox 1183 3211 1192 3226; x_wconf 83' lang='lat'><strong>·</strong></span> 
     </span>
     <span class='ocr_line' id='line_1_37' title="bbox 27 3271 1030 3360; baseline -0.002 -26"><span class='ocrx_word' id='word_1_313' title='bbox 27 3279 28 3286; x_wconf 77' lang='grc'>’</span> <span class='ocrx_word' id='word_1_314' title='bbox 50 3271 83 3343; x_wconf 74' lang='lat' dir='ltr'><strong>pu</strong></span> <span class='ocrx_word' id='word_1_315' title='bbox 111 3276 149 3336; x_wconf 86' lang='lat' dir='ltr'><strong>ico</strong></span> <span class='ocrx_word' id='word_1_316' title='bbox 164 3281 261 3341; x_wconf 85' lang='lat' dir='ltr'><strong>ollioio</strong></span> <span class='ocrx_word' id='word_1_317' title='bbox 278 3292 365 3360; x_wconf 87' lang='lat' dir='ltr'><strong>atque</strong></span> <span class='ocrx_word' id='word_1_318' title='bbox 382 3298 420 3342; x_wconf 89' lang='lat' dir='ltr'><strong>ex</strong></span> <span class='ocrx_word' id='word_1_319' title='bbox 435 3279 687 3342; x_wconf 74' lang='lat' dir='ltr'><strong>senatusconsulto</strong></span> <span class='ocrx_word' id='word_1_320' title='bbox 707 3277 921 3356; x_wconf 80' lang='lat' dir='ltr'><strong>magistratibus</strong></span> <span class='ocrx_word' id='word_1_321' title='bbox 939 3292 1030 3354; x_wconf 91' lang='lat' dir='ltr'><strong>saepe</strong></span> 
     </span>
     <span class='ocr_line' id='line_1_38' title="bbox 50 3359 1029 3442; baseline -0.003 -23"><span class='ocrx_word' id='word_1_322' title='bbox 50 3367 83 3413; x_wconf 70' lang='lat' dir='ltr'><strong>mo</strong></span> <span class='ocrx_word' id='word_1_323' title='bbox 111 3359 212 3441; x_wconf 55' lang='lat' dir='ltr'><strong>lentur,</strong></span> <span class='ocrx_word' id='word_1_324' title='bbox 228 3373 259 3425; x_wconf 86' lang='lat' dir='ltr'><strong>et</strong></span> <span class='ocrx_word' id='word_1_325' title='bbox 275 3365 394 3425; x_wconf 86' lang='lat' dir='ltr'><strong>laudare</strong></span> <span class='ocrx_word' id='word_1_326' title='bbox 410 3374 515 3426; x_wconf 88' lang='lat' dir='ltr'><strong>testem</strong></span> <span class='ocrx_word' id='word_1_327' title='bbox 528 3363 579 3424; x_wconf 84' lang='lat' dir='ltr'><strong>vel</strong></span> <span class='ocrx_word' id='word_1_328' title='bbox 595 3371 694 3424; x_wconf 88' lang='lat' dir='ltr'><strong>contra</strong></span> <span class='ocrx_word' id='word_1_329' title='bbox 712 3365 839 3442; x_wconf 87' lang='lat' dir='ltr'><strong>pertinet</strong></span> <span class='ocrx_word' id='word_1_330' title='bbox 855 3361 889 3420; x_wconf 89' lang='lat' dir='ltr'><strong>ad</strong></span> <span class='ocrx_word' id='word_1_331' title='bbox 903 3375 1029 3418; x_wconf 89' lang='lat' dir='ltr'><strong>momen-</strong></span> 
     </span>
    </p>
   </div>
   <div class='ocr_carea' id='block_1_7' title="bbox 52 3439 1030 3587">
    <p class='ocr_par' dir='ltr' id='par_1_8' title="bbox 52 3439 1030 3587">
     <span class='ocr_line' id='line_1_39' title="bbox 52 3439 1030 3587; baseline -0.002 -83"><span class='ocrx_word' id='word_1_332' title='bbox 52 3439 83 3494; x_wconf 59' lang='grc' dir='ltr'><strong>ΠΗ</strong></span> <span class='ocrx_word' id='word_1_333' title='bbox 117 3445 297 3525; x_wconf 73' lang='lat' dir='ltr'><strong>‘micion-um,</strong></span> <span class='ocrx_word' id='word_1_334' title='bbox 320 3459 349 3508; x_wconf 92' lang='lat' dir='ltr'><strong>et</strong></span> <span class='ocrx_word' id='word_1_335' title='bbox 364 3451 435 3527; x_wconf 90' lang='lat' dir='ltr'><strong>ipsis</strong></span> <span class='ocrx_word' id='word_1_336' title='bbox 452 3451 540 3508; x_wconf 87' lang='lat' dir='ltr'><strong>etiam·</strong></span> <span class='ocrx_word' id='word_1_337' title='bbox 553 3449 612 3506; x_wconf 88' lang='lat' dir='ltr'><strong>reis</strong></span> <span class='ocrx_word' id='word_1_338' title='bbox 629 3447 697 3507; x_wconf 87' lang='lat' dir='ltr'><strong>dare</strong></span> <span class='ocrx_word' id='word_1_339' title='bbox 714 3445 881 3587; x_wconf 66' lang='lat' dir='ltr'><strong>laudatoppp</strong></span> <span class='ocrx_word' id='word_1_340' title='bbox 897 3442 984 3520; x_wconf 91' lang='lat' dir='ltr'><strong>lioet,</strong></span> <span class='ocrx_word' id='word_1_341' title='bbox 1001 3451 1030 3502; x_wconf 88' lang='lat' dir='ltr'><strong>et</strong></span> 
     </span>
    </p>
   </div>
   <div class='ocr_carea' id='block_1_8' title="bbox 0 0 1228 3962">
    <p class='ocr_par' dir='ltr' id='par_1_9' title="bbox 0 0 1228 3962">
     <span class='ocr_line' id='line_1_40' title="bbox 0 0 1228 3962; baseline 0 0"><span class='ocrx_word' id='word_1_342' title='bbox 0 0 1228 3962; x_wconf 95' lang='lat' dir='ltr'><strong> </strong></span> 
     </span>
    </p>
   </div>
  </div>
 </body>
</html>
