2436 3956
319 159 408 210 unsa.
426 160 576 210 oannes.
592 159 740 229 n1n2v11,
755 159 782 214 s.
1011 151 1051 213 39

58 317 178 397 quidum
188 317 276 378 iussit
285 317 360 395 poni
369 322 503 378 statuum
514 310 774 379 aeream‘tnseam
784 324 942 380 tenentem.
958 318 1054 392 Quae·

58 403 136 477 ritnr,
157 408 251 460 statua
266 399 377 461 hastam
391 408 494 460 tenens
510 416 598 460 aurea
616 417 683 459 esse
698 398 819 476 debeat,
831 417 877 460 *an
888 399 970 461 hasta
986 419 1055 464 esse

16 527 17 534 ι
56 501 137 546 aures
152 484 181 542 in
193 492 287 545 statua
302 483 420 544 alterins
436 480 597 543 materiae?
613 481 659 543 Fit
674 500 727 561 per
739 482 845 544 flexum
857 483 933 545 idem
944 486 1053 564 magis:

96 565 325 646 Quinquepr'ntu
339 569 393 630 uin·
411 575 501 628 erum
517 574 637 628 eentum
650 568 724 628 iude
739 568 854 628 oeer‘de't
866 566 1010 630 Aelnilles.

56 653 164 729 Saepe,
188 652 244 711 utri
263 649 383 711 duorum
404 649 636 712 antecedentium
653 666 749 709 sermo
765 649 933 712 subiunctus
949 654 1002 729 sit,
1026 655 1083 718 in9

55 733 136 794 dubio
159 742 220 794 est:
248 734 373 795 undeet
399 735 615 810 controversia,
639 731 738 795 Heres
754 753 840 795 meus
858 738 950 797 nemi
969 755 1056 800 mene

56 820 131 879 dure
147 819 281 880 domnus
295 827 359 880 esto
379 818 515 908 prpenn‘,
537 820 620 896 quod
640 817 780 896 eleperdt,
800 819 904 896 pondo
926 829 1054 885 eentum.

56 899 122 960 Uter
136 901 244 979 eligat,
261 903 417 980 quaeritur.

134 984 244 1046 Verum
258 985 302 1062 id,
320 986 398 1064 quod
412 1003 450 1045 ex
466 983 511 1045 his
527 985 647 1064 primum
666 992 726 1060 est,
747 985 904 1046 mutatione
926 1002 1054 1063 casuum,

57 1087 176 1148 sequens
198 1068 341 1130 divisione
358 1069 512 1130 verborum
531 1078 579 1129 ant
592 1068 779 1130 translatione
796 1069 979 1145 emendatur,
997 1077 1055 1128 ter·
1169 1115 1170 1120 1

57 1153 121 1212 tium
143 1151 317 1214 adiectione.
368 1153 536 1214 accusativi
561 1154 755 1230 geminatione
782 1152 858 1212 laeta
882 1152 1056 1230 amphibolia
1065 1165 1100 1218 10

16 1245 17 1248 ’
58 1235 174 1295 solvitur
185 1235 331 1310 ablativo,
348 1245 379 1296 ut
393 1234 479 1311 illud,
492 1232 656 1298 Lachetem
666 1237 774 1298 audiui
786 1237 978 1314 percussisse
992 1235 1055 1297 De-

57 1338 156 1396 meun,
179 1319 246 1396 liat,
279 1340 301 1382 e
315 1317 448 1382 Leeltete
464 1338 649 1398 percussum
661 1317 809 1382 Demean.
848 1318 908 1380 Sed
929 1317 1055 1379 ablativo

59 1402 125 1479 ipsi,
147 1404 219 1462 utin
234 1404 327 1482 primo
342 1403 480 1480 diximus,
499 1404 574 1464 inest
588 1402 725 1464 naturalis
741 1402 925 1482 amphibolia.
967 1400 1056 1467 Coelo

60 1487 190 1548 deeurra't
209 1496 335 1567 operto:
356 1488 449 1547 utrum
464 1504 519 1565 per
539 1495 668 1565 apertum
684 1487 815 1562 eoelum,
835 1504 871 1546 an
887 1504 950 1546 oum
972 1504 1055 1565 aper·

16 1591 18 1628 :
62 1576 113 1628 tum
133 1580 220 1648 esset.
263 1570 375 1631 Divisio
390 1571 584 1650 respiratione
602 1580 631 1630 et
652 1587 733 1632 mora
752 1579 881 1631 constat:
911 1579 1056 1648 statuum,
1065 1584 1098 1637 11

63 1649 155 1714 deinde
176 1673 308 1716 uureern
328 1655 466 1725 desturm
491 1653 540 1713 vel
562 1663 694 1716 statuum
711 1671 856 1729 aureum,
880 1652 983 1714 deinde
1001 1654 1057 1716 leu-

65 1743 141 1798 stum.
188 1738 327 1800 Adiectio
343 1736 408 1798 talis
424 1747 485 1813 est,
502 1745 680 1816 arpentum,
696 1739 777 1814 qnod
792 1739 917 1815 eleperit
930 1738 1012 1816 ipse,
1027 1747 1058 1797 ut

63 1815 139 1879 lieres
157 1821 350 1900 intelligatur;
370 1821 421 1881 vel
434 1823 519 1900 ipse,
538 1829 569 1880 ut
583 1837 667 1880 uxor.
712 1819 885 1880 Adiectione
906 1819 982 1880 laeta
998 1837 1054 1879 am·

16 1907 18 1974 t
63 1901 196 1982 phibolia,
216 1905 313 1985 qualis
335 1906 388 1980 sit,
410 1903 474 1965 Nos
489 1901 596 1982 flentes
614 1905 682 1965 illos
704 1903 978 1983 deprehendimus,
1005 1903 1054 1962 de·

16 1985 18 2040 ὲ
63 1988 193 2048 traetione
220 1988 363 2049 solvetur.
409 1987 541 2049 Pluribus
568 1985 667 2048 verbis
693 1987 914 2062 emendandum,
942 1984 991 2045 ubi
1016 1985 1055 2062 id,
1065 1991 1099 2044 ta

16 2101 18 2150 g
64 2069 149 2148 quod,
168 2090 225 2151 quo
246 2073 407 2147 referatur,
430 2070 545 2132 dublum
565 2080 625 2148 est,
653 2079 682 2130 et
702 2073 797 2150 ipsum
816 2079 861 2130 est
882 2069 1056 2146 ambiguum.

16 2157 18 2160 '
64 2149 153 2214 Heres
173 2175 260 2218 meus
286 2157 365 2216 (lure
385 2156 431 2216 r'llt'
453 2157 585 2226 damnus
608 2163 671 2216 esto
693 2156 796 2217 omniu
816 2173 884 2216 satu.
926 2152 959 2212 ln
979 2153 1057 2231 qnod

65 2252 146 2310 genus
161 2241 261 2300 incidit
276 2236 381 2299 (liuere
395 2238 519 2316 loquens
537 2239 574 2299 de
590 2237 622 2298 (l.
639 2237 757 2298 Fannio.
798 2236 832 2299 ls
851 2239 952 2298 soceri
971 2238 1058 2297 e'rtstr'·

66 2327 134 2396 tuto,
162 2341 267 2401 quem,
300 2325 375 2402 quia
401 2329 558 2402 cooptatus
585 2324 617 2384 ιἰι
637 2321 797 2402 Aupurum
821 2321 978 2400 callepium
997 2339 1059 2382 non

65 2413 140 2481 erut,
166 2426 226 2468 eron
256 2407 420 2468 admodum
448 2406 614 2486 dllipedet;
637 2408 824 2484 praesertim
851 2423 920 2466 eum
941 2405 993 2466 ille
1021 2401 1057 2477 Q.

16 2565 17 2568 Ἴ
65 2481 235 2551 Seeeoolum
249 2491 309 2552 sibl
322 2491 467 2552 minorem
480 2497 556 2552 nutu
575 2508 721 2570 penerum
738 2490 944 2568 praetulisset.
986 2486 1058 2548 Nam

16 2629 17 2634 ,
65 2569 116 2630 sibi
130 2581 157 2632 et
171 2573 206 2634 ad
221 2591 357 2634 socerum
371 2574 476 2634 reierri
492 2574 571 2634 etad
587 2572 723 2634 Fannium
745 2581 853 2652 potest.
902 2571 1057 2632 l’roduotio
1066 2576 1114 2631 15*

16 2703 18 2714 ,
66 2668 172 2733 qnoque
192 2660 302 2736 seripto
319 2667 348 2718 et
364 2659 510 2736 eorneptio
532 2659 560 2717 in
576 2656 662 2718 dubio
678 2656 780 2717 relicta
801 2672 888 2715 eausa
906 2664 950 2714 est
970 2654 1058 2714 ambi·

66 2738 187 2816 unitatis,
204 2750 234 2800 ut
247 2743 276 2801 in
288 2741 361 2816 hoe,
380 2739 464 2804 Coto.
495 2740 582 2800 Aliud
597 2741 671 2800 enim
684 2738 809 2800 ostendit
820 2739 918 2798 ltrevis
931 2737 1059 2798 seeundo

16 2835 17 2838 ¹
67 2819 170 2892 syllaba
193 2843 261 2885 easu
280 2827 470 2902 nominativo,
493 2823 570 2884 aliud
586 2825 687 2885 eadem
703 2822 816 2900 syllaba
832 2822 973 2901 producta
989 2838 1059 2881 casu

16 2941 18 2976 ,
67 2901 154 2964 dativo
172 2917 218 2968 aut
241 2908 377 2969 ablativo.
422 2908 564 2969 Plurimae
579 2917 734 2987 praeterea
754 2915 819 2968 sunt
836 2904 911 2967 aliae
927 2907 1057 2984 speeies,

16 3015 17 3020 ¹
68 2999 131 3059 quas
146 2994 281 3071 persequi
295 2993 365 3053 nihil
379 3010 503 3052 neeesse
517 3002 571 3052 est.

16 3079 17 3158 J
143 3070 204 3133 Nee
225 3077 333 3153 refert,
360 3094 416 3154 quo
434 3075 519 3136 modo
535 3077 572 3135 sit
592 3076 669 3136 faeta
684 3073 859 3152 amphibolia
875 3083 924 3135 aut
940 3090 997 3151 quo
1013 3080 1107 3133 rte-14

70 3150 197 3214 solvatur.
233 3158 311 3234 Duas
324 3162 398 3220 enim
409 3178 458 3220 res
474 3159 629 3237 significari
644 3159 824 3219 manifestum
838 3167 900 3233 est,
920 3165 964 3231 et,
982 3154 1061 3234 quod

70 3233 101 3290 ιι]
120 3241 252 3317 seriptum
273 3261 415 3304 vocemve
431 3245 572 3322 pertinet,
595 3243 624 3301 in
639 3251 788 3319 utramque
805 3250 915 3320 partem
931 3256 982 3317 par
1003 3246 1059 3297 est.

73 3310 190 3398 ideoque
204 3323 308 3387 trustra
329 3329 521 3406 praecipitur,
544 3335 575 3386 ut
590 3327 618 3384 in
632 3325 689 3385 hoe
705 3334 780 3384 statu
797 3341 901 3383 vocem
916 3324 1008 3399 ipsam
1024 3319 1061 3380 ad

72 3410 187 3464 nostram
205 3419 313 3485 partem
337 3428 475 3472 conemur
494 3418 622 3471 vertere.
665 3408 753 3487 Nam,
779 3409 804 3466 si
824 3406 853 3467 id
873 3406 935 3466 lieri
950 3411 1063 3484 potest,
