2446 3962
371 173 801 238 1nsr.0nnnon.n1n.1v,a.
1026 163 1083 223 169

6 375 8 390 ,
83 346 158 388 vere
173 327 292 388 dicimus
309 343 392 406 quam
408 344 482 404 quae
497 327 639 404 tingimus,
657 328 766 388 credat.
797 329 869 388 Sunt
885 329 1000 407 quidem
1016 329 1125 405 hamas

85 431 158 492 quas
179 428 267 488 supra
291 409 392 485 retuli,
416 412 537 470 virtutes
559 410 678 470 aliarum
700 428 815 489 quoque
836 413 966 490 partium.
1010 412 1084 473 Nam

84 506 115 556 et
128 513 181 575 per
196 503 286 554 totam
302 495 445 553 actionem
458 494 571 554 vitanda
586 503 631 553 est
643 494 806 556 obscuritas
819 504 848 555 et
861 495 963 554 modus
976 496 1084 575 ubique

84 578 303 653 custodiendus,
320 587 350 637 et
365 577 514 637 credibilia
530 595 597 636 esse
609 580 702 638 omnia
718 587 835 657 oportet
849 596 925 658 quae
940 579 1081 640 dicuntur.

83 662 209 723 blasima
221 671 316 720 tamen
332 661 406 720 baec
416 663 445 720 in
458 679 491 720 ea
507 671 589 740 parte
607 661 795 722 custodienda
810 670 886 739 sunt,
904 680 979 741 quac
993 666 1084 742 prima

4 785 6 804 2
83 747 207 806 iudicem
221 745 326 814 ¹docot;
350 747 378 803 in
400 763 456 823 qua
471 747 495 803 si
511 744 667 819 acciderit,
690 754 721 804 ut
740 755 788 804 aut
805 762 862 805 non
877 745 1021 823 intelligat
1036 757 1083 806 aut

84 847 143 890 non
153 830 316 888 meminerit
331 837 379 887 aut
393 845 450 887 non
462 828 572 904 credat,
589 827 695 888 frustra
707 829 735 886 in
748 828 866 906 reliquis
879 828 1082 889 laborabimus.

85 913 257 975 Eritautem
272 913 398 971 narratio
420 921 547 990 aperta
568 920 654 989 atque
672 911 851 988 dilucida,
874 913 1006 973 siluerit
1026 915 1125 990 pri-36

87 1014 160 1055 nrum
180 997 315 1074 exposita
335 995 433 1054 verbis
451 997 577 1074 propriis
600 1004 629 1054 et
648 995 874 1072 significantibus
896 1005 926 1055 et
948 1012 1006 1056 non
1021 1015 1083 1056 sor·

86 1080 159 1150 didis
175 1080 290 1157 quidem
309 1096 366 1138 non
387 1089 481 1139 tamen
503 1079 654 1156 exquisitis
686 1088 714 1139 et
736 1080 772 1140 ab
795 1098 848 1138 usu
868 1082 1002 1149 remotis;
1026 1090 1085 1140 tum

86 1163 220 1224 distincta
241 1162 347 1239 rebus,
371 1165 521 1241 personis,
549 1161 744 1240 temporibus,
767 1163 857 1237 locis,
884 1166 996 1239 causis,
1021 1166 1085 1241 ipsa

86 1249 172 1307 etiam
192 1248 425 1324 pronuntiatione
450 1249 479 1305 in
498 1246 556 1304 hoc
577 1245 810 1321 accommodata,
833 1254 863 1304 ut
882 1246 985 1321 iudex,
1010 1264 1084 1324 quae

86 1331 227 1405 dicentur,
247 1347 331 1408 quam
345 1329 482 1390 facillime
497 1330 628 1406 accipiat.
659 1328 740 1402 Quae
757 1329 871 1407 quidem
885 1331 975 1389 virtus
991 1327 1126 1406 negti-37

87 1416 163 1491 gitur
179 1431 196 1472 a
215 1413 361 1491 plurimis,
383 1415 431 1491 qui
447 1413 483 1473 ad
499 1413 653 1472 clamorem
668 1414 828 1491 dispositae
843 1413 892 1472 vel
908 1415 993 1472 etiam
1007 1414 1084 1473 forte

88 1496 280 1557 circumfusae
291 1497 477 1556 multitudinis
490 1498 643 1574 compositi
657 1513 715 1556 nou
725 1497 821 1556 ierunt
834 1497 908 1557 illud
918 1499 1084 1557 intentionis

89 1581 232 1640 silentium
247 1599 302 1640 nec
319 1579 374 1640 sibi
391 1580 490 1640 diserti
504 1580 653 1655 videntur,
668 1581 722 1640 nisi
737 1582 830 1640 omnia
847 1580 967 1640 tumultu
984 1590 1013 1640 et
1033 1596 1084 1639 vo·

92 1663 259 1724 clieratione
280 1667 494 1732 concusserint;
518 1681 579 1723 rem
599 1663 726 1723 indicare
741 1665 883 1722 sermonis
905 1663 1041 1725 cotidiani
1056 1673 1086 1722 et

90 1749 119 1806 in
143 1764 341 1826 quemcunque
364 1749 449 1808 etiam
470 1747 650 1806 indoctorum
671 1748 799 1807 cadentis
821 1749 999 1816 existimant;
1021 1765 1085 1806 cum

18 1854 23 1863 ·
88 1832 216 1906 interim,
240 1831 319 1910 quod
344 1840 477 1910 tanquam
502 1830 589 1889 facile
610 1838 809 1905 contemnunt,
840 1832 971 1904 nescias,
1001 1848 1085 1909 prae·

87 1926 166 1976 stare
181 1917 273 1973 minus
291 1914 381 1974 velint
399 1931 434 1974 an
449 1915 570 1993 possint.
605 1913 708 1994 Neque
724 1915 798 1972 enim
812 1911 889 1974 aliud
903 1914 931 1972 in
946 1912 1084 1991 eloquen·
1093 1921 1128 1976 38

87 2002 145 2073 tia,
175 2007 278 2057 cuncta
300 2001 431 2076 experti,
460 1997 605 2057 difficilius
622 1999 770 2075 reperient
788 2014 871 2074 quam
891 1995 937 2072 id,
960 1997 1037 2075 quod
1052 2015 1085 2055 se

86 2084 179 2143 luisse
194 2082 323 2141 dicturos
338 2098 438 2141 omnes
451 2091 566 2162 putant,
586 2091 739 2160 postquam
758 2081 923 2155 audierunt,
948 2083 1014 2158 quia
1029 2097 1086 2139 non

87 2167 164 2226 bona
185 2166 312 2225 iudicant
333 2183 401 2230 esse
423 2168 473 2228 illa
491 2167 543 2226 sed
562 2183 642 2225 vera.
680 2165 751 2224 'lum
772 2171 866 2223 autem
887 2165 995 2240 optime
1018 2162 1087 2222 dicit

87 2259 205 2330 orator,
230 2271 293 2314 oum
313 2254 426 2313 videtur
447 2269 518 2310 vere
539 2250 648 2310 dicere.
685 2248 723 2307 m
745 2264 835 2321 nunc,
855 2245 936 2304 velut
957 2255 1129 2322 campum39

87 2339 165 2398 nacti
187 2339 396 2415 expositionis,
417 2335 464 2396 hic
484 2334 664 2412 potissimum
681 2340 710 2391 et
724 2347 828 2389 vocem
844 2329 962 2389 ilectunt
978 2337 1007 2387 et
1023 2346 1085 2387 eer-

87 2425 182 2482 vicem
195 2430 339 2500 reponunt
354 2430 384 2481 et
398 2418 544 2480 brachium
558 2419 586 2475 in
602 2417 675 2475 latus
691 2415 797 2474 iactant
812 2422 933 2493 totoque
948 2421 977 2472 et
991 2430 1087 2471 rerum

89 2515 120 2566 et
147 2504 304 2565 verborum
332 2513 361 2563 et
387 2502 606 2580 compositionis
633 2517 744 2576 genere
770 2498 937 2564 lasciviunt;
971 2496 1086 2570 deinde,

89 2589 167 2668 qood
183 2590 220 2648 sit
235 2597 364 2648 monstro
379 2586 488 2661 simile,
504 2583 602 2663 placet
618 2585 710 2658 aetio,
730 2598 817 2643 eausa
832 2598 890 2639 non
906 2578 1085 2655 intelligitur.

87 2673 198 2731 Verum
213 2672 287 2732 haec
303 2673 479 2744 omittamus,
498 2686 534 2727 nc
549 2670 640 2726 minus
658 2668 769 2743 gratiae
784 2662 992 2743 praecipiendo
1007 2671 1088 2720 recta

89 2773 175 2834 quam
190 2755 319 2815 ollensae
334 2752 576 2833 reprehendendo
590 2767 678 2830 prava
692 2765 861 2808 mereamur.
892 2745 1018 2804 Brevis
1034 2746 1130 2808 erit40

88 2839 217 2898 narratio
233 2847 300 2898 ante
316 2840 425 2913 omnia,
441 2839 466 2896 si
481 2835 547 2895 inde
564 2835 745 2912 coeperimus
760 2849 821 2891 rem
837 2845 997 2908 exponere,
1013 2828 1088 2886 unde

88 2923 126 2982 ad
141 2922 265 2982 iudicem
280 2923 415 3000 pertinet
432 2919 549 2994 deinde,
565 2921 590 2976 si
605 2918 673 2977 nibil
690 2925 771 2975 extra
787 2931 903 2974 causam
917 2912 1087 2978 dixerimus;

88 3017 149 3066 tum
165 3007 267 3080 etiarn,
288 3005 312 3063 si
328 3005 516 3065 reciderimus
535 3004 643 3079 omnia,
668 2999 771 3078 quibus
792 2997 912 3057 sublatis
926 3012 1022 3073 neque
1038 3012 1086 3054 eo-

90 3090 213 3148 ”itioni
240 3089 393 3167 quidquam
419 3105 515 3165 neque
542 3086 657 3145 utilitati
681 3079 856 3144 detrabatur.
905 3079 989 3139 Solet
1015 3079 1088 3136 enim
1097 3089 1127 3142 41

116 3173 232 3233 uaedam
254 3189 322 3231 esse
345 3173 468 3250 partium
489 3169 635 3244 brevitas,
655 3185 730 3247 quae
751 3166 867 3242 longam
885 3172 979 3223 tamen
1000 3161 1090 3220 eflicit

131 3274 238 3316 mmam.
271 3254 309 3317 ba
323 3264 446 3334 portum
459 3256 545 3329 ocni,
567 3270 676 3314 navem
691 3250 854 3329 prospecti,
877 3248 983 3324 quanti
998 3245 1089 3306 oeba-

131 3349 138 3402 t
162 3341 371 3418 interruperat,
399 3339 438 3399 de
455 3337 727 3416 praeconaverit,
746 3332 929 3406 conscendi,
949 3329 1090 3388 sublatae

123 3432 164 3484 ret
180 3441 334 3499 ancorae,
357 3423 501 3483 scivimus
514 3437 617 3495 oram,
636 3417 770 3496 profecti
792 3431 906 3476 ramur.
938 3409 1017 3470 Nihil
1038 3407 1089 3468 bo·
