2436 3956
316 215 654 287 ruanoanrontra.
672 231 788 301 unna.
1015 226 1055 288 59

59 384 208 446 contrariis
223 382 384 443 virtutihus.
427 383 499 444 Nam
520 387 641 463 primum
656 397 758 464 acuto,
783 391 940 452 seeundum
954 391 1053 468 nitido,

57 469 167 527 tertiam
190 467 331 549 copioso,
355 466 495 547 deinceps
521 468 619 547 hilari,
641 471 783 549 iucundo,
809 483 944 539 aoeurato
960 475 1054 536 diver·

55 567 115 610 snm
132 559 187 610 est.

137 631 262 695 Vitanda
283 643 312 693 et
336 635 502 711 μείωσις,
516 653 590 695 θοιιιο
609 639 734 698 sermoni
749 638 834 700 deest
852 639 974 718 aliquid,
998 653 1096 719 quoto

56 717 144 776 ariana
160 714 266 794 planus
284 719 335 786 sit;
353 735 513 796 quanquam
528 719 556 779 id
572 718 715 780 obscurae
727 723 823 800 potius
840 739 924 800 quatu
941 725 1052 788 inorna-

55 807 101 858 tae
116 800 257 860 orationis
269 801 367 859 uitium
381 810 435 860 est.
463 801 522 861 Sed
540 801 597 862 hoo
614 821 741 882 quoque,
755 823 819 866 aum
835 823 851 866 a
866 805 1053 882 prudentibus

54 880 99 956 fit,
122 881 243 944 schema
263 883 319 943 disi
340 883 432 960 soiet,
454 886 529 944 siout
544 887 784 966 ταοοολογία,
810 888 838 948 id
861 897 906 950 est
924 890 1053 950 eiusdem

11 1001 12 1004 =
54 963 134 1025 vorbi
151 975 199 1026 aut
215 969 358 1027 sermonis
373 969 498 1028 iteratio.
539 967 619 1028 Haeo
634 972 724 1046 enim,
749 988 909 1050 quanquam
924 989 981 1036 non
994 984 1096 1037 rna-51

11 1049 12 1054 ’
54 1061 185 1128 gnopere
206 1069 224 1110 a
247 1051 361 1110 summit
385 1050 551 1110 auctoribus
574 1053 677 1128 vitata,
704 1055 817 1116 interim
843 1057 940 1118 vitium
960 1055 1053 1116 videri

56 1141 167 1210 potest,
184 1135 214 1192 in
230 1133 308 1211 quod
322 1151 413 1212 saepe
433 1133 532 1193 insidit
547 1136 632 1204 etiam
649 1134 755 1196 Cicero
773 1155 893 1200 seeurus
914 1147 971 1204 tarn
988 1157 1052 1215 par·

58 1231 107 1275 vae
123 1216 353 1277 observationis:
374 1219 448 1278 sieut
467 1215 526 1276 hoe
547 1217 632 1294 ioco,
654 1217 722 1280 Non
745 1222 841 1282 solum
860 1222 955 1298 initur
974 1222 1054 1282 titud

11 1375 12 1378 ρ
55 1297 602 1377 iudiciumiudt'oiisimiiedudioea,
624 1304 772 1381 nonfuit.
810 1303 925 1364 interim
944 1312 1052 1364 mutato

11 1381 13 1458 ᾗ
57 1384 165 1442 nornine
187 1377 373 1461 ἐπανάληψις
394 1384 513 1459 dieitur,
535 1393 622 1462 atque
644 1393 689 1444 est
713 1395 742 1445 et
764 1388 857 1464 ipsum
872 1388 953 1446 inter
968 1385 1052 1449 sche-

11 1517 12 1540 ρ
58 1473 140 1534 mata;
151 1484 274 1544 qnorum
284 1466 418 1546 exempla
428 1467 479 1526 iiio
493 1467 561 1526 iooo
570 1469 745 1546 quaerenda,
759 1486 815 1547 quo
824 1471 945 1530 virtutes
958 1479 1050 1529 erunt.

11 1545 13 1572 ;
135 1549 222 1611 Peior
245 1549 300 1610 hae
324 1542 564 1628 ὁμοιολογίοι,
589 1569 663 1630 qnae
684 1552 764 1612 nulia
785 1553 932 1616 varietatis
958 1555 1093 1629 gratiaon

11 1639 13 1646 ’
59 1627 131 1691 ierat
147 1633 273 1693 taedium
298 1642 384 1710 atque
408 1641 454 1692 est
473 1641 533 1692 tota
551 1633 658 1694 eoloris
674 1637 772 1710 nnius,
790 1652 846 1713 qua
863 1637 985 1698 marinae
1001 1637 1050 1696 de·

11 1747 17 1786 r
59 1713 241 1788 prehenditur
257 1733 358 1776 earens
375 1725 436 1776 arte
453 1718 594 1784 oratoria;
617 1735 710 1795 eaque
725 1726 754 1778 et
769 1720 798 1780 in
812 1721 960 1779 sententiis
977 1727 1006 1778 et
1022 1721 1052 1778 in
1149 1783 1155 1787 ,

58 1793 151 1871 igonis
167 1803 242 1860 etin
264 1801 409 1877 positione
425 1799 513 1875 iunge
528 1816 586 1859 non
600 1802 698 1860 animis
714 1801 808 1862 solum
831 1801 884 1863 sed
900 1804 985 1864 etiam
1001 1819 1050 1860 au·

59 1878 131 1940 riitus
147 1893 190 1942 est
213 1884 418 1959 ingratissima.
461 1881 584 1942 Vitanda
606 1884 853 1963 μακρολογία,
873 1882 902 1942 id
925 1893 969 1942 est
989 1883 1093 1949 ion-53

59 1961 120 2037 pior
139 1983 222 2042 quarn
251 1975 367 2044 oportet
386 1981 497 2026 sermo:
520 1975 550 2025 ut
568 1966 643 2045 apud
665 1965 698 2026 Τ.
720 1965 844 2042 Livium,
867 1963 1050 2044 inportuna

11 2071 12 2126 3
58 2047 211 2124 impetratu
234 2068 319 2129 pace
337 2058 420 2111 reiro
441 2051 575 2124 domum,
603 2051 686 2111 unde
704 2057 869 2124 vendunt,
896 2051 1048 2114 poteraut.

11 2129 13 2168 ³²
60 2127 112 2188 Sed
132 2130 196 2193 huie
217 2135 314 2194 vicina
335 2131 512 2212 periphrasis
527 2133 617 2193 virtus
639 2131 770 2192 hahetur.
814 2132 868 2192 Est
890 2140 918 2191 et
939 2138 1048 2198 πλεο-

60 2207 188 2290 νασμὸς
210 2217 328 2292 vitium,
353 2233 417 2276 curn
441 2217 630 2292 supervacuis
650 2215 748 2274 verbis
778 2216 870 2274 oratio
897 2225 1047 2276 oneratur:

60 2289 119 2370 Euo
139 2300 234 2360 oottit's
258 2301 334 2360 meis
353 2299 419 2358 oidt'
427 2321 440 2366 ,·
464 2308 507 2358 sat
528 2307 574 2356 est
596 2299 670 2358 enirn
690 2300 763 2360 vtdt.
803 2297 973 2358 Emendavit
993 2297 1092 2362 hoeni

61 2377 138 2437 etiarn
159 2381 268 2443 urbane
290 2385 318 2440 in
339 2381 430 2442 Hirtio
456 2379 578 2457 Gioero,
600 2382 663 2459 qni,
686 2399 750 2441 oum
772 2382 800 2440 in
815 2380 935 2440 Pansam
950 2380 1078 2442 decia-⁴¹
1119 2451 1128 2464 ,
1192 2384 1198 2398 ‘

59 2473 131 2518 mans
152 2464 247 2540 fidium
269 2484 290 2526 o
309 2473 408 2526 matre
429 2467 534 2526 decem
550 2465 704 2526 meotribue
723 2467 757 2525 ἑο
770 2473 856 2526 utero
871 2464 966 2526 iatum
981 2483 1049 2526 esse

11 2593 13 2618 ,
60 2537 180 2622 dixisset,
200 2546 303 2620 Quid?
321 2550 418 2625 aiios,
433 2549 538 2625 inquit,
554 2549 586 2607 in
596 2548 712 2626 penula
726 2549 822 2610 soient
833 2547 940 2625 serre?
969 2546 1047 2606 Non·

11 2651 13 2672 1
60 2638 190 2704 nunquam
211 2641 308 2692 tamen
331 2631 401 2691 iilud
426 2649 534 2706 genus,
562 2632 641 2690 euius
669 2630 831 2708 exemplum
855 2631 954 2707 priore
978 2631 1046 2689 iooo

11 2733 12 2740 ο
60 2712 146 2786 posui,
164 2713 360 2774 affirmationis
376 2717 468 2792 gratia
484 2712 654 2773 adhibetur·

11 2851 13 2856 .
267 2832 309 2844 —
328 2795 497 2875 Vocempue
517 2797 706 2859 Muneribus
724 2795 824 2858 duod.
920 2810 935 2820 ·

11 2873 13 2928 ξ
61 2867 95 2928 it
110 2875 203 2938 vitinrn
219 2883 290 2956 orit,
314 2882 446 2958 quotiens
463 2881 586 2958 otiosunr
604 2879 690 2939 inerit
709 2889 737 2938 et
752 2878 896 2957 supererit
911 2895 969 2937 non
985 2885 1089 2942 oumoo

62 2951 209 3020 adiicietur.
248 2963 301 3022 Est
318 2965 418 3039 etiam,
442 2980 516 3041 quae
538 2963 732 3043 περιεργία
756 2971 892 3037 vocatur,
908 2979 1046 3039 superna·
1143 3020 1149 3028 ,

11 3109 12 3112 ¹
64 3050 120 3110 ona,
137 3051 166 3100 ut
181 3046 224 3104 sio
239 3047 370 3122 dixerim,
388 3048 568 3124 operositas,
593 3054 623 3106 ut
646 3063 663 3106 a
684 3045 814 3122 diligenti
835 3047 966 3104 euriosus
985 3052 1047 3105 eta

63 3116 195 3197 reiigione
213 3132 381 3209 superstitio
398 3129 492 3191 distat.
524 3130 631 3210 Atque,
647 3139 678 3189 ut
693 3129 785 3189 semei
796 3128 900 3204 finiam,
916 3127 965 3186 vei
980 3145 1045 3186 ver·

61 3193 121 3293 hilm
137 3223 236 3287 omne,
263 3214 341 3292 quod
355 3232 450 3292 neque
472 3213 650 3273 intellectum
664 3213 779 3272 adiuvat
794 3229 889 3288 neque
905 3218 1045 3286 ornatum,

61 3284 184 3350 vitiosum
201 3294 256 3355 disi
272 3306 379 3375 potest.

138 3371 364 3458 Κοικόζηλον,
386 3379 414 3439 id
430 3389 475 3438 est
491 3379 567 3438 mala
582 3379 745 3454 aiieotatio,
764 3396 817 3456 per
833 3395 916 3437 omne
933 3376 1088 3441 dipondios

66 3459 147 3519 genus
167 3471 278 3535 peceat.
321 3462 393 3523 Nam
414 3472 443 3522 et
463 3463 568 3524 tumida
591 3471 620 3521 et
643 3461 748 3540 pusiiia
769 3470 798 3524 et
820 3461 988 3538 praedulcia
1015 3467 1046 3518 et
