<?xml version="1.0" encoding="UTF-8"?>
<!DOCTYPE html PUBLIC "-//W3C//DTD XHTML 1.0 Transitional//EN"
    "http://www.w3.org/TR/xhtml1/DTD/xhtml1-transitional.dtd">
<html xmlns="http://www.w3.org/1999/xhtml" xml:lang="en" lang="en">
 <head>
  <title>
</title>
<meta http-equiv="Content-Type" content="text/html;charset=utf-8" />
  <meta name='ocr-system' content='tesseract 3.04.00' />
  <meta name='ocr-capabilities' content='ocr_page ocr_carea ocr_par ocr_line ocrx_word'/>
</head>
<body>
  <div class='ocr_page' id='page_1' title='image "./mfabiiquintilia04quingoog_0545.png"; bbox 0 0 2470 3962; ppageno 0'>
   <div class='ocr_carea' id='block_1_1' title="bbox 175 219 862 290">
    <p class='ocr_par' dir='ltr' id='par_1_1' title="bbox 175 219 862 290">
     <span class='ocr_line' id='line_1_1' title="bbox 175 219 862 290; baseline -0.007 -11"><span class='ocrx_word' id='word_1_1' title='bbox 175 219 235 279; x_wconf 79' lang='lat'><strong>260</strong></span> <span class='ocrx_word' id='word_1_2' title='bbox 482 233 519 278; x_wconf 83' lang='lat' dir='ltr'><strong>u.</strong></span> <span class='ocrx_word' id='word_1_3' title='bbox 541 231 619 277; x_wconf 72' lang='lat' dir='ltr'><strong>sun.</strong></span> <span class='ocrx_word' id='word_1_4' title='bbox 642 229 862 290; x_wconf 74' lang='lat' dir='ltr'><strong>occurremur</strong></span> 
     </span>
    </p>
   </div>
   <div class='ocr_carea' id='block_1_2' title="bbox 146 381 1193 1130">
    <p class='ocr_par' dir='ltr' id='par_1_2' title="bbox 146 381 1168 630">
     <span class='ocr_line' id='line_1_2' title="bbox 146 381 1165 465; baseline -0.007 -19"><span class='ocrx_word' id='word_1_5' title='bbox 146 385 347 465; x_wconf 73' lang='lat' dir='ltr'><strong>aenplicabit;</strong></span> <span class='ocrx_word' id='word_1_6' title='bbox 375 394 403 444; x_wconf 89' lang='lat' dir='ltr'><strong>at</strong></span> <span class='ocrx_word' id='word_1_7' title='bbox 422 386 446 442; x_wconf 90' lang='lat' dir='ltr'><strong>si</strong></span> <span class='ocrx_word' id='word_1_8' title='bbox 468 384 537 443; x_wconf 88' lang='lat' dir='ltr'><strong>iuris</strong></span> <span class='ocrx_word' id='word_1_9' title='bbox 556 384 702 444; x_wconf 82' lang='lat' dir='ltr'><strong>anfractus</strong></span> <span class='ocrx_word' id='word_1_10' title='bbox 719 391 767 442; x_wconf 89' lang='lat' dir='ltr'><strong>aut</strong></span> <span class='ocrx_word' id='word_1_11' title='bbox 789 382 933 442; x_wconf 81' lang='lat' dir='ltr'>eruendae</span> <span class='ocrx_word' id='word_1_12' title='bbox 954 383 1087 442; x_wconf 88' lang='lat' dir='ltr'><strong>veritatis</strong></span> <span class='ocrx_word' id='word_1_13' title='bbox 1101 381 1165 440; x_wconf 80' lang='lat' dir='ltr'><strong>late</strong></span> 
     </span>
     <span class='ocr_line' id='line_1_3' title="bbox 175 465 1167 546; baseline -0.008 -16"><span class='ocrx_word' id='word_1_14' title='bbox 175 470 242 530; x_wconf 90' lang='lat' dir='ltr'><strong>bras</strong></span> <span class='ocrx_word' id='word_1_15' title='bbox 258 469 338 529; x_wconf 92' lang='lat' dir='ltr'><strong>adire</strong></span> <span class='ocrx_word' id='word_1_16' title='bbox 350 477 487 546; x_wconf 83' lang='lat' dir='ltr'><strong>cogetur:</strong></span> <span class='ocrx_word' id='word_1_17' title='bbox 503 485 560 528; x_wconf 93' lang='lat' dir='ltr'><strong>non</strong></span> <span class='ocrx_word' id='word_1_18' title='bbox 575 466 755 544; x_wconf 77' lang='lat' dir='ltr'><strong>obequitabit</strong></span> <span class='ocrx_word' id='word_1_19' title='bbox 769 484 825 525; x_wconf 92' lang='lat' dir='ltr'><strong>nec</strong></span> <span class='ocrx_word' id='word_1_20' title='bbox 839 466 898 526; x_wconf 89' lang='lat' dir='ltr'><strong>illis</strong></span> <span class='ocrx_word' id='word_1_21' title='bbox 913 465 1094 525; x_wconf 85' lang='lat' dir='ltr'><strong>vibrantibus</strong></span> <span class='ocrx_word' id='word_1_22' title='bbox 1108 482 1167 524; x_wconf 87' lang='lat' dir='ltr'><strong>con·</strong></span> 
     </span>
     <span class='ocr_line' id='line_1_4' title="bbox 176 549 1168 630; baseline -0.006 -18"><span class='ocrx_word' id='word_1_23' title='bbox 176 553 330 630; x_wconf 79' lang='lat' dir='ltr'><strong>citatisque</strong></span> <span class='ocrx_word' id='word_1_24' title='bbox 346 553 496 612; x_wconf 85' lang='lat' dir='ltr'><strong>sententiis</strong></span> <span class='ocrx_word' id='word_1_25' title='bbox 511 552 591 610; x_wconf 87' lang='lat' dir='ltr'><strong>velut</strong></span> <span class='ocrx_word' id='word_1_26' title='bbox 607 549 762 610; x_wconf 86' lang='lat' dir='ltr'><strong>missilibus</strong></span> <span class='ocrx_word' id='word_1_27' title='bbox 779 558 889 625; x_wconf 90' lang='lat' dir='ltr'><strong>utetur,</strong></span> <span class='ocrx_word' id='word_1_28' title='bbox 914 550 966 609; x_wconf 91' lang='lat' dir='ltr'><strong>sed</strong></span> <span class='ocrx_word' id='word_1_29' title='bbox 992 549 1129 628; x_wconf 82' lang='lat' dir='ltr'><strong>operibus</strong></span> <span class='ocrx_word' id='word_1_30' title='bbox 1144 556 1168 607; x_wconf 89' lang='lat' dir='ltr'><strong>et</strong></span> 
     </span>
    </p>

    <p class='ocr_par' dir='ltr' id='par_1_3' title="bbox 146 631 1193 1130">
     <span class='ocr_line' id='line_1_5' title="bbox 146 631 1169 711; baseline -0.006 -15"><span class='ocrx_word' id='word_1_31' title='bbox 146 637 315 704; x_wconf 72' lang='lat' dir='ltr'><strong>acunicnlis</strong></span> <span class='ocrx_word' id='word_1_32' title='bbox 343 646 372 696; x_wconf 91' lang='lat' dir='ltr'><strong>et</strong></span> <span class='ocrx_word' id='word_1_33' title='bbox 396 635 505 695; x_wconf 87' lang='lat' dir='ltr'><strong>insidiis</strong></span> <span class='ocrx_word' id='word_1_34' title='bbox 532 644 562 695; x_wconf 90' lang='lat' dir='ltr'><strong>et</strong></span> <span class='ocrx_word' id='word_1_35' title='bbox 586 633 710 694; x_wconf 90' lang='lat' dir='ltr'><strong>occultis</strong></span> <span class='ocrx_word' id='word_1_36' title='bbox 740 633 847 693; x_wconf 89' lang='lat' dir='ltr'><strong>artibus</strong></span> <span class='ocrx_word' id='word_1_37' title='bbox 874 651 936 693; x_wconf 90' lang='lat' dir='ltr'><strong>rem</strong></span> <span class='ocrx_word' id='word_1_38' title='bbox 958 642 1057 711; x_wconf 87' lang='lat' dir='ltr'><strong>geret.</strong></span> <span class='ocrx_word' id='word_1_39' title='bbox 1098 631 1169 704; x_wconf 84' lang='lat' dir='ltr'><strong>Quae</strong></span> 
     </span>
     <span class='ocr_line' id='line_1_6' title="bbox 176 715 1170 792; baseline -0.008 -12"><span class='ocrx_word' id='word_1_40' title='bbox 176 721 269 780; x_wconf 94' lang='lat' dir='ltr'><strong>omnia</strong></span> <span class='ocrx_word' id='word_1_41' title='bbox 290 737 348 779; x_wconf 91' lang='lat' dir='ltr'><strong>nou</strong></span> <span class='ocrx_word' id='word_1_42' title='bbox 369 719 434 779; x_wconf 92' lang='lat' dir='ltr'><strong>dum</strong></span> <span class='ocrx_word' id='word_1_43' title='bbox 454 719 522 779; x_wconf 92' lang='lat' dir='ltr'><strong>liunt</strong></span> <span class='ocrx_word' id='word_1_44' title='bbox 540 718 707 792; x_wconf 88' lang='lat' dir='ltr'><strong>laudantur,</strong></span> <span class='ocrx_word' id='word_1_45' title='bbox 737 717 790 777; x_wconf 88' lang='lat' dir='ltr'><strong>sed</strong></span> <span class='ocrx_word' id='word_1_46' title='bbox 814 735 877 776; x_wconf 92' lang='lat' dir='ltr'><strong>cum</strong></span> <span class='ocrx_word' id='word_1_47' title='bbox 897 717 974 777; x_wconf 86' lang='lat' dir='ltr'><strong>iacta</strong></span> <span class='ocrx_word' id='word_1_48' title='bbox 994 725 1075 783; x_wconf 89' lang='lat' dir='ltr'><strong>suut;</strong></span> <span class='ocrx_word' id='word_1_49' title='bbox 1104 715 1170 774; x_wconf 91' lang='lat' dir='ltr'><strong>uude</strong></span> 
     </span>
     <span class='ocr_line' id='line_1_7' title="bbox 175 798 1171 883; baseline -0.007 -19"><span class='ocrx_word' id='word_1_50' title='bbox 175 806 261 864; x_wconf 92' lang='lat' dir='ltr'><strong>etiam</strong></span> <span class='ocrx_word' id='word_1_51' title='bbox 289 803 480 883; x_wconf 83' lang='lat' dir='ltr'><strong>cupidissimis</strong></span> <span class='ocrx_word' id='word_1_52' title='bbox 511 802 654 881; x_wconf 89' lang='lat' dir='ltr'><strong>opinionis</strong></span> <span class='ocrx_word' id='word_1_53' title='bbox 674 801 739 879; x_wconf 93' lang='lat' dir='ltr'><strong>plus</strong></span> <span class='ocrx_word' id='word_1_54' title='bbox 761 802 872 860; x_wconf 81' lang='lat' dir='ltr'><strong>fructus</strong></span> <span class='ocrx_word' id='word_1_55' title='bbox 894 802 984 860; x_wconf 89' lang='lat' dir='ltr'><strong>venit.</strong></span> <span class='ocrx_word' id='word_1_56' title='bbox 1023 798 1097 858; x_wconf 89' lang='lat' dir='ltr'><strong>Nam</strong></span> <span class='ocrx_word' id='word_1_57' title='bbox 1117 816 1171 858; x_wconf 89' lang='lat' dir='ltr'><strong>cum</strong></span> 
     </span>
     <span class='ocr_line' id='line_1_8' title="bbox 175 883 1193 963; baseline -0.007 -18"><span class='ocrx_word' id='word_1_58' title='bbox 175 887 224 948; x_wconf 90' lang='lat' dir='ltr'><strong>illa</strong></span> <span class='ocrx_word' id='word_1_59' title='bbox 243 887 356 948; x_wconf 91' lang='lat' dir='ltr'><strong>dicendi</strong></span> <span class='ocrx_word' id='word_1_60' title='bbox 371 888 475 947; x_wconf 90' lang='lat' dir='ltr'><strong>vitiosa</strong></span> <span class='ocrx_word' id='word_1_61' title='bbox 487 887 602 946; x_wconf 91' lang='lat' dir='ltr'><strong>iactatio</strong></span> <span class='ocrx_word' id='word_1_62' title='bbox 618 888 693 944; x_wconf 91' lang='lat' dir='ltr'><strong>inter</strong></span> <span class='ocrx_word' id='word_1_63' title='bbox 709 883 862 963; x_wconf 81' lang='lat' dir='ltr'><strong>plausores</strong></span> <span class='ocrx_word' id='word_1_64' title='bbox 878 900 948 943; x_wconf 91' lang='lat' dir='ltr'><strong>suos</strong></span> <span class='ocrx_word' id='word_1_65' title='bbox 964 883 1116 944; x_wconf 87' lang='lat' dir='ltr'><strong>detonuit:</strong></span> <span class='ocrx_word' id='word_1_66' title='bbox 1132 899 1171 939; x_wconf 92' lang='lat' dir='ltr'><strong>re·</strong></span> <span class='ocrx_word' id='word_1_67' title='bbox 1189 929 1193 938; x_wconf 85' lang='lat'><em>.</em></span> 
     </span>
     <span class='ocr_line' id='line_1_9' title="bbox 175 965 1172 1048; baseline -0.008 -18"><span class='ocrx_word' id='word_1_68' title='bbox 175 973 267 1048; x_wconf 81' lang='lat' dir='ltr'><strong>surgit</strong></span> <span class='ocrx_word' id='word_1_69' title='bbox 288 988 379 1030; x_wconf 89' lang='lat' dir='ltr'><strong>verae</strong></span> <span class='ocrx_word' id='word_1_70' title='bbox 401 971 513 1029; x_wconf 86' lang='lat' dir='ltr'><strong>uirtutis</strong></span> <span class='ocrx_word' id='word_1_71' title='bbox 534 970 638 1029; x_wconf 82' lang='lat' dir='ltr'><strong>fortior</strong></span> <span class='ocrx_word' id='word_1_72' title='bbox 658 968 750 1045; x_wconf 83' lang='lat' dir='ltr'><strong>lama,</strong></span> <span class='ocrx_word' id='word_1_73' title='bbox 779 985 834 1027; x_wconf 93' lang='lat' dir='ltr'><strong>nec</strong></span> <span class='ocrx_word' id='word_1_74' title='bbox 853 969 980 1044; x_wconf 86' lang='lat' dir='ltr'><strong>iudices,</strong></span> <span class='ocrx_word' id='word_1_75' title='bbox 1014 983 1105 1046; x_wconf 90' lang='lat' dir='ltr'><strong>aquo</strong></span> <span class='ocrx_word' id='word_1_76' title='bbox 1125 965 1172 1024; x_wconf 89' lang='lat' dir='ltr'><strong>sint</strong></span> 
     </span>
     <span class='ocr_line' id='line_1_10' title="bbox 175 1052 1173 1130; baseline -0.007 -17"><span class='ocrx_word' id='word_1_77' title='bbox 175 1056 259 1130; x_wconf 93' lang='lat' dir='ltr'><strong>moti,</strong></span> <span class='ocrx_word' id='word_1_78' title='bbox 278 1052 472 1127; x_wconf 89' lang='lat' dir='ltr'><strong>dissimulant,</strong></span> <span class='ocrx_word' id='word_1_79' title='bbox 496 1062 525 1113; x_wconf 89' lang='lat' dir='ltr'><strong>et</strong></span> <span class='ocrx_word' id='word_1_80' title='bbox 542 1053 635 1113; x_wconf 91' lang='lat' dir='ltr'><strong>doctis</strong></span> <span class='ocrx_word' id='word_1_81' title='bbox 652 1053 793 1127; x_wconf 87' lang='lat' dir='ltr'><strong>creditur,</strong></span> <span class='ocrx_word' id='word_1_82' title='bbox 816 1069 871 1110; x_wconf 93' lang='lat' dir='ltr'><strong>nec</strong></span> <span class='ocrx_word' id='word_1_83' title='bbox 891 1061 936 1112; x_wconf 90' lang='lat' dir='ltr'><strong>est</strong></span> <span class='ocrx_word' id='word_1_84' title='bbox 953 1052 1098 1111; x_wconf 90' lang='lat' dir='ltr'><strong>orationis</strong></span> <span class='ocrx_word' id='word_1_85' title='bbox 1111 1065 1173 1107; x_wconf 87' lang='lat' dir='ltr'><strong>uera</strong></span> 
     </span>
    </p>
   </div>
   <div class='ocr_carea' id='block_1_3' title="bbox 58 1132 1172 1212">
    <p class='ocr_par' dir='ltr' id='par_1_4' title="bbox 58 1132 1172 1212">
     <span class='ocr_line' id='line_1_11' title="bbox 58 1132 1172 1212; baseline -0.012 -10"><span class='ocrx_word' id='word_1_86' title='bbox 58 1203 65 1208; x_wconf 83' lang='grc'><em>,</em></span> <span class='ocrx_word' id='word_1_87' title='bbox 99 1201 106 1212; x_wconf 73' lang='grc'><strong>,</strong></span> <span class='ocrx_word' id='word_1_88' title='bbox 147 1138 249 1212; x_wconf 75' lang='lat' dir='ltr'><strong>olaus,</strong></span> <span class='ocrx_word' id='word_1_89' title='bbox 268 1138 323 1196; x_wconf 92' lang='lat' dir='ltr'><strong>nisi</strong></span> <span class='ocrx_word' id='word_1_90' title='bbox 339 1155 403 1197; x_wconf 93' lang='lat' dir='ltr'><strong>cum</strong></span> <span class='ocrx_word' id='word_1_91' title='bbox 418 1137 496 1197; x_wconf 86' lang='lat' dir='ltr'><strong>linita</strong></span> <span class='ocrx_word' id='word_1_92' title='bbox 513 1145 568 1196; x_wconf 90' lang='lat' dir='ltr'><strong>est.</strong></span> <span class='ocrx_word' id='word_1_93' title='bbox 592 1135 751 1196; x_wconf 88' lang='lat' dir='ltr'><strong>Veteribus</strong></span> <span class='ocrx_word' id='word_1_94' title='bbox 767 1136 881 1212; x_wconf 89' lang='lat' dir='ltr'><strong>quidem</strong></span> <span class='ocrx_word' id='word_1_95' title='bbox 897 1137 983 1198; x_wconf 87' lang='lat' dir='ltr'><strong>etiam</strong></span> <span class='ocrx_word' id='word_1_96' title='bbox 998 1132 1172 1194; x_wconf 86' lang='lat' dir='ltr'><strong>dissimulare</strong></span> 
     </span>
    </p>
   </div>
   <div class='ocr_carea' id='block_1_4' title="bbox 70 1218 1208 3560">
    <p class='ocr_par' dir='ltr' id='par_1_5' title="bbox 149 1218 1173 2302">
     <span class='ocr_line' id='line_1_12' title="bbox 177 1218 1171 1298; baseline -0.009 -17"><span class='ocrx_word' id='word_1_97' title='bbox 177 1221 370 1298; x_wconf 89' lang='lat' dir='ltr'><strong>eloquentiam</strong></span> <span class='ocrx_word' id='word_1_98' title='bbox 393 1221 445 1281; x_wconf 91' lang='lat' dir='ltr'><strong>iuit</strong></span> <span class='ocrx_word' id='word_1_99' title='bbox 466 1222 571 1296; x_wconf 90' lang='lat' dir='ltr'><strong>moris,</strong></span> <span class='ocrx_word' id='word_1_100' title='bbox 598 1219 684 1298; x_wconf 92' lang='lat' dir='ltr'><strong>idque</strong></span> <span class='ocrx_word' id='word_1_101' title='bbox 706 1219 744 1278; x_wconf 87' lang='lat' dir='ltr'><strong>bl.</strong></span> <span class='ocrx_word' id='word_1_102' title='bbox 766 1218 907 1278; x_wconf 81' lang='lat' dir='ltr'><strong>Antonius</strong></span> <span class='ocrx_word' id='word_1_103' title='bbox 930 1221 1096 1298; x_wconf 87' lang='lat' dir='ltr'><strong>praecipit,</strong></span> <span class='ocrx_word' id='word_1_104' title='bbox 1123 1231 1171 1293; x_wconf 91' lang='lat' dir='ltr'><strong>quo</strong></span> 
     </span>
     <span class='ocr_line' id='line_1_13' title="bbox 176 1299 1173 1384; baseline -0.008 -20"><span class='ocrx_word' id='word_1_105' title='bbox 176 1305 241 1384; x_wconf 93' lang='lat' dir='ltr'><strong>plus</strong></span> <span class='ocrx_word' id='word_1_106' title='bbox 264 1305 424 1365; x_wconf 83' lang='lat' dir='ltr'><strong>dicentibus</strong></span> <span class='ocrx_word' id='word_1_107' title='bbox 447 1304 513 1365; x_wconf 90' lang='lat' dir='ltr'><strong>ildei</strong></span> <span class='ocrx_word' id='word_1_108' title='bbox 530 1306 681 1381; x_wconf 90' lang='lat' dir='ltr'><strong>minusque</strong></span> <span class='ocrx_word' id='word_1_109' title='bbox 704 1312 861 1381; x_wconf 84' lang='lat' dir='ltr'><strong>suspectae</strong></span> <span class='ocrx_word' id='word_1_110' title='bbox 881 1302 1094 1372; x_wconf 77' lang='lat' dir='ltr'><strong>advocatorum</strong></span> <span class='ocrx_word' id='word_1_111' title='bbox 1116 1299 1173 1358; x_wconf 90' lang='lat' dir='ltr'><strong>insi·</strong></span> 
     </span>
     <span class='ocr_line' id='line_1_14' title="bbox 176 1386 1172 1464; baseline -0.009 -16"><span class='ocrx_word' id='word_1_112' title='bbox 176 1389 241 1448; x_wconf 91' lang='lat' dir='ltr'><strong>diae</strong></span> <span class='ocrx_word' id='word_1_113' title='bbox 256 1389 362 1448; x_wconf 90' lang='lat' dir='ltr'><strong>iorent.</strong></span> <span class='ocrx_word' id='word_1_114' title='bbox 391 1387 450 1447; x_wconf 90' lang='lat' dir='ltr'><strong>Sed</strong></span> <span class='ocrx_word' id='word_1_115' title='bbox 465 1387 515 1448; x_wconf 92' lang='lat' dir='ltr'><strong>illa</strong></span> <span class='ocrx_word' id='word_1_116' title='bbox 530 1386 711 1462; x_wconf 90' lang='lat' dir='ltr'><strong>dissimulari,</strong></span> <span class='ocrx_word' id='word_1_117' title='bbox 729 1405 802 1464; x_wconf 91' lang='lat' dir='ltr'><strong>quae</strong></span> <span class='ocrx_word' id='word_1_118' title='bbox 818 1396 876 1445; x_wconf 92' lang='lat' dir='ltr'><strong>tum</strong></span> <span class='ocrx_word' id='word_1_119' title='bbox 893 1395 965 1461; x_wconf 88' lang='lat' dir='ltr'><strong>erat,</strong></span> <span class='ocrx_word' id='word_1_120' title='bbox 986 1386 1097 1464; x_wconf 89' lang='lat' dir='ltr'><strong>potuit;</strong></span> <span class='ocrx_word' id='word_1_121' title='bbox 1113 1399 1172 1442; x_wconf 90' lang='lat' dir='ltr'><strong>nou·</strong></span> 
     </span>
     <span class='ocr_line' id='line_1_15' title="bbox 177 1470 1173 1545; baseline -0.008 -13"><span class='ocrx_word' id='word_1_122' title='bbox 177 1472 242 1532; x_wconf 95' lang='lat' dir='ltr'><strong>dum</strong></span> <span class='ocrx_word' id='word_1_123' title='bbox 266 1473 341 1532; x_wconf 91' lang='lat' dir='ltr'><strong>enim</strong></span> <span class='ocrx_word' id='word_1_124' title='bbox 364 1479 471 1531; x_wconf 93' lang='lat' dir='ltr'><strong>tantum</strong></span> <span class='ocrx_word' id='word_1_125' title='bbox 495 1470 609 1531; x_wconf 92' lang='lat' dir='ltr'><strong>dicendi</strong></span> <span class='ocrx_word' id='word_1_126' title='bbox 630 1470 726 1531; x_wconf 89' lang='lat' dir='ltr'><strong>lumen</strong></span> <span class='ocrx_word' id='word_1_127' title='bbox 749 1480 933 1545; x_wconf 85' lang='lat' dir='ltr'><strong>accesserat,</strong></span> <span class='ocrx_word' id='word_1_128' title='bbox 961 1479 993 1528; x_wconf 90' lang='lat' dir='ltr'><strong>ut</strong></span> <span class='ocrx_word' id='word_1_129' title='bbox 1019 1472 1106 1530; x_wconf 89' lang='lat' dir='ltr'><strong>etiam</strong></span> <span class='ocrx_word' id='word_1_130' title='bbox 1128 1482 1173 1544; x_wconf 85' lang='lat' dir='ltr'><strong>per</strong></span> 
     </span>
     <span class='ocr_line' id='line_1_16' title="bbox 178 1553 1172 1632; baseline -0.01 -18"><span class='ocrx_word' id='word_1_131' title='bbox 178 1554 321 1615; x_wconf 90' lang='lat' dir='ltr'><strong>obstantia</strong></span> <span class='ocrx_word' id='word_1_132' title='bbox 338 1563 513 1632; x_wconf 89' lang='lat' dir='ltr'><strong>erumperet.</strong></span> <span class='ocrx_word' id='word_1_133' title='bbox 551 1553 648 1628; x_wconf 81' lang='lat' dir='ltr'><strong>Quare</strong></span> <span class='ocrx_word' id='word_1_134' title='bbox 664 1563 741 1614; x_wconf 86' lang='lat' dir='ltr'><strong>artes</strong></span> <span class='ocrx_word' id='word_1_135' title='bbox 758 1553 873 1632; x_wconf 90' lang='lat' dir='ltr'><strong>quidem</strong></span> <span class='ocrx_word' id='word_1_136' title='bbox 889 1563 918 1614; x_wconf 96' lang='lat' dir='ltr'><strong>et</strong></span> <span class='ocrx_word' id='word_1_137' title='bbox 933 1554 1060 1613; x_wconf 88' lang='lat' dir='ltr'><strong>consilia</strong></span> <span class='ocrx_word' id='word_1_138' title='bbox 1076 1553 1172 1611; x_wconf 91' lang='lat' dir='ltr'><strong>lateant</strong></span> 
     </span>
     <span class='ocr_line' id='line_1_17' title="bbox 177 1634 1173 1716; baseline -0.008 -20"><span class='ocrx_word' id='word_1_139' title='bbox 177 1647 206 1697; x_wconf 92' lang='lat' dir='ltr'><strong>et</strong></span> <span class='ocrx_word' id='word_1_140' title='bbox 228 1637 382 1716; x_wconf 84' lang='lat' dir='ltr'><strong>quidquid,</strong></span> <span class='ocrx_word' id='word_1_141' title='bbox 407 1639 431 1696; x_wconf 90' lang='lat' dir='ltr'><strong>si</strong></span> <span class='ocrx_word' id='word_1_142' title='bbox 454 1636 697 1715; x_wconf 87' lang='lat' dir='ltr'><strong>deprehenditur,</strong></span> <span class='ocrx_word' id='word_1_143' title='bbox 721 1639 806 1715; x_wconf 91' lang='lat' dir='ltr'><strong>perit.</strong></span> <span class='ocrx_word' id='word_1_144' title='bbox 843 1637 989 1697; x_wconf 89' lang='lat' dir='ltr'><strong>Hactenus</strong></span> <span class='ocrx_word' id='word_1_145' title='bbox 1015 1634 1173 1714; x_wconf 86' lang='lat' dir='ltr'><strong>eloquentia</strong></span> 
     </span>
     <span class='ocr_line' id='line_1_18' title="bbox 149 1719 1172 1798; baseline -0.011 -14"><span class='ocrx_word' id='word_1_146' title='bbox 149 1729 323 1786; x_wconf 85' lang='lat' dir='ltr'><strong>esecretum</strong></span> <span class='ocrx_word' id='word_1_147' title='bbox 347 1720 443 1780; x_wconf 91' lang='lat' dir='ltr'><strong>babet.</strong></span> <span class='ocrx_word' id='word_1_148' title='bbox 474 1719 638 1781; x_wconf 87' lang='lat' dir='ltr'><strong>Verborum</strong></span> <span class='ocrx_word' id='word_1_149' title='bbox 659 1720 773 1798; x_wconf 92' lang='lat' dir='ltr'><strong>quidem</strong></span> <span class='ocrx_word' id='word_1_150' title='bbox 797 1720 945 1795; x_wconf 87' lang='lat' dir='ltr'><strong>delectus,</strong></span> <span class='ocrx_word' id='word_1_151' title='bbox 967 1722 1101 1798; x_wconf 86' lang='lat' dir='ltr'><strong>gravitas</strong></span> <span class='ocrx_word' id='word_1_152' title='bbox 1117 1734 1172 1776; x_wconf 88' lang='lat' dir='ltr'><strong>sen-</strong></span> 
     </span>
     <span class='ocr_line' id='line_1_19' title="bbox 175 1804 1171 1882; baseline -0.009 -18"><span class='ocrx_word' id='word_1_153' title='bbox 175 1807 345 1881; x_wconf 89' lang='lat' dir='ltr'><strong>tentiarum,</strong></span> <span class='ocrx_word' id='word_1_154' title='bbox 373 1804 527 1882; x_wconf 85' lang='lat' dir='ltr'><strong>figurarum</strong></span> <span class='ocrx_word' id='word_1_155' title='bbox 553 1805 698 1882; x_wconf 84' lang='lat' dir='ltr'><strong>elegantia</strong></span> <span class='ocrx_word' id='word_1_156' title='bbox 725 1813 851 1865; x_wconf 92' lang='lat' dir='ltr'><strong>autnon</strong></span> <span class='ocrx_word' id='word_1_157' title='bbox 873 1814 937 1868; x_wconf 92' lang='lat' dir='ltr'><strong>sunt</strong></span> <span class='ocrx_word' id='word_1_158' title='bbox 960 1815 1011 1864; x_wconf 91' lang='lat' dir='ltr'><strong>aut</strong></span> <span class='ocrx_word' id='word_1_159' title='bbox 1031 1808 1171 1882; x_wconf 89' lang='lat' dir='ltr'><strong>apparent.</strong></span> 
     </span>
     <span class='ocr_line' id='line_1_20' title="bbox 176 1888 1171 1968; baseline -0.009 -20"><span class='ocrx_word' id='word_1_160' title='bbox 176 1889 237 1949; x_wconf 89' lang='lat' dir='ltr'><strong>Sed</strong></span> <span class='ocrx_word' id='word_1_161' title='bbox 252 1897 374 1968; x_wconf 89' lang='lat' dir='ltr'><strong>propter</strong></span> <span class='ocrx_word' id='word_1_162' title='bbox 388 1890 446 1949; x_wconf 92' lang='lat' dir='ltr'><strong>boc</strong></span> <span class='ocrx_word' id='word_1_163' title='bbox 460 1891 553 1968; x_wconf 90' lang='lat' dir='ltr'><strong>ipsum</strong></span> <span class='ocrx_word' id='word_1_164' title='bbox 569 1888 746 1949; x_wconf 90' lang='lat' dir='ltr'><strong>ostendenda</strong></span> <span class='ocrx_word' id='word_1_165' title='bbox 763 1905 821 1948; x_wconf 91' lang='lat' dir='ltr'><strong>non</strong></span> <span class='ocrx_word' id='word_1_166' title='bbox 836 1897 910 1964; x_wconf 90' lang='lat' dir='ltr'><strong>sunt,</strong></span> <span class='ocrx_word' id='word_1_167' title='bbox 929 1888 1010 1966; x_wconf 94' lang='lat' dir='ltr'><strong>quod</strong></span> <span class='ocrx_word' id='word_1_168' title='bbox 1026 1891 1171 1966; x_wconf 67' lang='lat' dir='ltr'><strong>apparere</strong></span> 
     </span>
     <span class='ocr_line' id='line_1_21' title="bbox 177 1969 1171 2050; baseline -0.009 -19"><span class='ocrx_word' id='word_1_169' title='bbox 177 1991 211 2032; x_wconf 93' lang='lat' dir='ltr'><strong>ac</strong></span> <span class='ocrx_word' id='word_1_170' title='bbox 227 1975 251 2032; x_wconf 89' lang='lat' dir='ltr'><strong>si</strong></span> <span class='ocrx_word' id='word_1_171' title='bbox 266 1990 352 2032; x_wconf 93' lang='lat' dir='ltr'><strong>unum</strong></span> <span class='ocrx_word' id='word_1_172' title='bbox 373 1974 409 2033; x_wconf 90' lang='lat' dir='ltr'><strong>sit</strong></span> <span class='ocrx_word' id='word_1_173' title='bbox 431 1991 469 2032; x_wconf 84' lang='lat' dir='ltr'><strong>en</strong></span> <span class='ocrx_word' id='word_1_174' title='bbox 486 1971 597 2034; x_wconf 89' lang='lat' dir='ltr'><strong>duobus</strong></span> <span class='ocrx_word' id='word_1_175' title='bbox 616 1971 796 2050; x_wconf 86' lang='lat' dir='ltr'><strong>eligendum:</strong></span> <span class='ocrx_word' id='word_1_176' title='bbox 820 1990 906 2032; x_wconf 91' lang='lat' dir='ltr'><strong>causa</strong></span> <span class='ocrx_word' id='word_1_177' title='bbox 929 1973 1029 2049; x_wconf 93' lang='lat' dir='ltr'><strong>potius</strong></span> <span class='ocrx_word' id='word_1_178' title='bbox 1052 1969 1171 2030; x_wconf 90' lang='lat' dir='ltr'><strong>laudetur</strong></span> 
     </span>
     <span class='ocr_line' id='line_1_22' title="bbox 178 2051 1171 2134; baseline -0.008 -20"><span class='ocrx_word' id='word_1_179' title='bbox 178 2074 261 2134; x_wconf 90' lang='lat' dir='ltr'><strong>quam</strong></span> <span class='ocrx_word' id='word_1_180' title='bbox 279 2064 427 2134; x_wconf 89' lang='lat' dir='ltr'><strong>patronus.</strong></span> <span class='ocrx_word' id='word_1_181' title='bbox 459 2055 559 2116; x_wconf 78' lang='lat' dir='ltr'><strong>Finem</strong></span> <span class='ocrx_word' id='word_1_182' title='bbox 575 2065 669 2117; x_wconf 91' lang='lat' dir='ltr'><strong>tamen</strong></span> <span class='ocrx_word' id='word_1_183' title='bbox 685 2055 761 2116; x_wconf 92' lang='lat' dir='ltr'><strong>bunc</strong></span> <span class='ocrx_word' id='word_1_184' title='bbox 775 2055 935 2134; x_wconf 86' lang='lat' dir='ltr'><strong>praestabit</strong></span> <span class='ocrx_word' id='word_1_185' title='bbox 952 2065 1072 2130; x_wconf 89' lang='lat' dir='ltr'><strong>orator,</strong></span> <span class='ocrx_word' id='word_1_186' title='bbox 1096 2062 1125 2110; x_wconf 94' lang='lat' dir='ltr'><strong>ut</strong></span> <span class='ocrx_word' id='word_1_187' title='bbox 1137 2051 1171 2107; x_wconf 90' lang='lat' dir='ltr'><strong>ri·</strong></span> 
     </span>
     <span class='ocr_line' id='line_1_23' title="bbox 179 2135 1170 2218; baseline -0.008 -20"><span class='ocrx_word' id='word_1_188' title='bbox 179 2139 280 2199; x_wconf 83' lang='lat' dir='ltr'><strong>deutur</strong></span> <span class='ocrx_word' id='word_1_189' title='bbox 304 2141 439 2218; x_wconf 92' lang='lat' dir='ltr'><strong>optimam</strong></span> <span class='ocrx_word' id='word_1_190' title='bbox 464 2156 580 2200; x_wconf 91' lang='lat' dir='ltr'><strong>causam</strong></span> <span class='ocrx_word' id='word_1_191' title='bbox 605 2141 713 2218; x_wconf 90' lang='lat' dir='ltr'><strong>optime</strong></span> <span class='ocrx_word' id='word_1_192' title='bbox 737 2142 846 2216; x_wconf 82' lang='lat' dir='ltr'><strong>egisse.</strong></span> <span class='ocrx_word' id='word_1_193' title='bbox 880 2138 953 2199; x_wconf 94' lang='lat' dir='ltr'><strong>lllud</strong></span> <span class='ocrx_word' id='word_1_194' title='bbox 979 2148 1094 2199; x_wconf 93' lang='lat' dir='ltr'><strong>certum</strong></span> <span class='ocrx_word' id='word_1_195' title='bbox 1116 2135 1170 2204; x_wconf 90' lang='lat' dir='ltr'><strong>erit,</strong></span> 
     </span>
     <span class='ocr_line' id='line_1_24' title="bbox 177 2221 1171 2302; baseline -0.006 -20"><span class='ocrx_word' id='word_1_196' title='bbox 177 2224 320 2283; x_wconf 88' lang='lat' dir='ltr'><strong>neminem</strong></span> <span class='ocrx_word' id='word_1_197' title='bbox 344 2225 427 2302; x_wconf 90' lang='lat' dir='ltr'><strong>peius</strong></span> <span class='ocrx_word' id='word_1_198' title='bbox 449 2241 539 2301; x_wconf 89' lang='lat' dir='ltr'><strong>agere</strong></span> <span class='ocrx_word' id='word_1_199' title='bbox 566 2241 650 2302; x_wconf 89' lang='lat' dir='ltr'><strong>quam</strong></span> <span class='ocrx_word' id='word_1_200' title='bbox 672 2225 720 2301; x_wconf 93' lang='lat' dir='ltr'><strong>qui</strong></span> <span class='ocrx_word' id='word_1_201' title='bbox 749 2223 923 2302; x_wconf 90' lang='lat' dir='ltr'><strong>displicente</strong></span> <span class='ocrx_word' id='word_1_202' title='bbox 953 2241 1043 2282; x_wconf 89' lang='lat' dir='ltr'><strong>causa</strong></span> <span class='ocrx_word' id='word_1_203' title='bbox 1069 2221 1171 2300; x_wconf 88' lang='lat' dir='ltr'><strong>placet:</strong></span> 
     </span>
    </p>

    <p class='ocr_par' dir='ltr' id='par_1_6' title="bbox 149 2299 1172 2553">
     <span class='ocr_line' id='line_1_25' title="bbox 149 2299 1172 2385; baseline -0.015 -13"><span class='ocrx_word' id='word_1_204' title='bbox 149 2317 304 2372; x_wconf 84' lang='lat' dir='ltr'><strong>&#39;inecesse</strong></span> <span class='ocrx_word' id='word_1_205' title='bbox 326 2313 371 2366; x_wconf 89' lang='lat' dir='ltr'><strong>est</strong></span> <span class='ocrx_word' id='word_1_206' title='bbox 394 2309 468 2366; x_wconf 89' lang='lat' dir='ltr'><strong>enim</strong></span> <span class='ocrx_word' id='word_1_207' title='bbox 491 2318 572 2369; x_wconf 83' lang='lat' dir='ltr'><strong>extra</strong></span> <span class='ocrx_word' id='word_1_208' title='bbox 596 2325 711 2367; x_wconf 91' lang='lat' dir='ltr'><strong>causam</strong></span> <span class='ocrx_word' id='word_1_209' title='bbox 733 2308 785 2383; x_wconf 86' lang='lat' dir='ltr'><strong>sit,</strong></span> <span class='ocrx_word' id='word_1_210' title='bbox 807 2307 885 2385; x_wconf 94' lang='lat' dir='ltr'><strong>quod</strong></span> <span class='ocrx_word' id='word_1_211' title='bbox 903 2306 1010 2384; x_wconf 89' lang='lat' dir='ltr'><strong>placet.</strong></span> <span class='ocrx_word' id='word_1_212' title='bbox 1048 2305 1111 2365; x_wconf 90' lang='lat' dir='ltr'><strong>Nec</strong></span> <span class='ocrx_word' id='word_1_213' title='bbox 1130 2299 1172 2360; x_wconf 90' lang='lat' dir='ltr'><strong>illo</strong></span> 
     </span>
     <span class='ocr_line' id='line_1_26' title="bbox 177 2388 1170 2468; baseline -0.002 -18"><span class='ocrx_word' id='word_1_214' title='bbox 177 2388 293 2450; x_wconf 89' lang='lat' dir='ltr'><strong>lastidio</strong></span> <span class='ocrx_word' id='word_1_215' title='bbox 309 2389 452 2451; x_wconf 86' lang='lat' dir='ltr'><strong>laborabit</strong></span> <span class='ocrx_word' id='word_1_216' title='bbox 469 2401 568 2451; x_wconf 91' lang='lat' dir='ltr'><strong>orator</strong></span> <span class='ocrx_word' id='word_1_217' title='bbox 582 2408 639 2450; x_wconf 92' lang='lat' dir='ltr'><strong>non</strong></span> <span class='ocrx_word' id='word_1_218' title='bbox 656 2390 761 2468; x_wconf 90' lang='lat' dir='ltr'><strong>agendi</strong></span> <span class='ocrx_word' id='word_1_219' title='bbox 776 2409 879 2450; x_wconf 91' lang='lat' dir='ltr'><strong>causas</strong></span> <span class='ocrx_word' id='word_1_220' title='bbox 894 2391 1032 2465; x_wconf 89' lang='lat' dir='ltr'><strong>minores,</strong></span> <span class='ocrx_word' id='word_1_221' title='bbox 1050 2394 1170 2464; x_wconf 85' lang='lat' dir='ltr'><strong>tanquan</strong></span> 
     </span>
     <span class='ocr_line' id='line_1_27' title="bbox 178 2472 1172 2553; baseline -0.006 -22"><span class='ocrx_word' id='word_1_222' title='bbox 178 2474 251 2532; x_wconf 86' lang='lat' dir='ltr'><strong>inira</strong></span> <span class='ocrx_word' id='word_1_223' title='bbox 269 2491 334 2532; x_wconf 91' lang='lat' dir='ltr'><strong>eum</strong></span> <span class='ocrx_word' id='word_1_224' title='bbox 350 2474 406 2533; x_wconf 88' lang='lat' dir='ltr'><strong>sint</strong></span> <span class='ocrx_word' id='word_1_225' title='bbox 421 2483 469 2534; x_wconf 91' lang='lat' dir='ltr'><strong>aut</strong></span> <span class='ocrx_word' id='word_1_226' title='bbox 486 2473 651 2536; x_wconf 90' lang='lat' dir='ltr'><strong>detractura</strong></span> <span class='ocrx_word' id='word_1_227' title='bbox 666 2477 704 2534; x_wconf 92' lang='lat' dir='ltr'><strong>sit</strong></span> <span class='ocrx_word' id='word_1_228' title='bbox 719 2476 847 2553; x_wconf 93' lang='lat' dir='ltr'><strong>opinioni</strong></span> <span class='ocrx_word' id='word_1_229' title='bbox 863 2475 953 2533; x_wconf 92' lang='lat' dir='ltr'><strong>minus</strong></span> <span class='ocrx_word' id='word_1_230' title='bbox 970 2472 1104 2532; x_wconf 87' lang='lat' dir='ltr'><strong>liberalis</strong></span> <span class='ocrx_word' id='word_1_231' title='bbox 1124 2484 1172 2527; x_wconf 91' lang='lat' dir='ltr'><strong>ma·</strong></span> 
     </span>
    </p>

    <p class='ocr_par' dir='ltr' id='par_1_7' title="bbox 70 2555 1173 2803">
     <span class='ocr_line' id='line_1_28' title="bbox 70 2555 1172 2637; baseline -0.003 -21"><span class='ocrx_word' id='word_1_232' title='bbox 70 2627 76 2636; x_wconf 23' lang='lat'>¹</span> <span class='ocrx_word' id='word_1_233' title='bbox 178 2557 262 2616; x_wconf 88' lang='lat' dir='ltr'><strong>teria.</strong></span> <span class='ocrx_word' id='word_1_234' title='bbox 307 2555 379 2616; x_wconf 90' lang='lat' dir='ltr'><strong>Nam</strong></span> <span class='ocrx_word' id='word_1_235' title='bbox 397 2565 426 2616; x_wconf 93' lang='lat' dir='ltr'><strong>et</strong></span> <span class='ocrx_word' id='word_1_236' title='bbox 444 2558 620 2637; x_wconf 89' lang='lat' dir='ltr'><strong>suscipiendi</strong></span> <span class='ocrx_word' id='word_1_237' title='bbox 637 2560 712 2618; x_wconf 89' lang='lat' dir='ltr'><strong>ratio</strong></span> <span class='ocrx_word' id='word_1_238' title='bbox 736 2559 890 2618; x_wconf 89' lang='lat' dir='ltr'><strong>iustissima</strong></span> <span class='ocrx_word' id='word_1_239' title='bbox 915 2567 960 2617; x_wconf 91' lang='lat' dir='ltr'><strong>est</strong></span> <span class='ocrx_word' id='word_1_240' title='bbox 981 2556 1125 2629; x_wconf 87' lang='lat' dir='ltr'><strong>cilicium,</strong></span> <span class='ocrx_word' id='word_1_241' title='bbox 1148 2556 1172 2608; x_wconf 82' lang='lat' dir='ltr'><strong>ei</strong></span> 
     </span>
     <span class='ocr_line' id='line_1_29' title="bbox 179 2639 1173 2720; baseline 0.006 -21"><span class='ocrx_word' id='word_1_242' title='bbox 179 2639 333 2719; x_wconf 91' lang='lat' dir='ltr'><strong>optandum</strong></span> <span class='ocrx_word' id='word_1_243' title='bbox 354 2642 456 2717; x_wconf 88' lang='lat' dir='ltr'><strong>etiam,</strong></span> <span class='ocrx_word' id='word_1_244' title='bbox 486 2650 517 2701; x_wconf 91' lang='lat' dir='ltr'><strong>ut</strong></span> <span class='ocrx_word' id='word_1_245' title='bbox 537 2643 621 2702; x_wconf 92' lang='lat' dir='ltr'><strong>amici</strong></span> <span class='ocrx_word' id='word_1_246' title='bbox 644 2660 728 2720; x_wconf 91' lang='lat' dir='ltr'><strong>quam</strong></span> <span class='ocrx_word' id='word_1_247' title='bbox 749 2643 878 2701; x_wconf 91' lang='lat' dir='ltr'><strong>minimas</strong></span> <span class='ocrx_word' id='word_1_248' title='bbox 896 2641 963 2702; x_wconf 93' lang='lat' dir='ltr'><strong>lites</strong></span> <span class='ocrx_word' id='word_1_249' title='bbox 984 2639 1124 2705; x_wconf 85' lang='lat' dir='ltr'><strong>babeant;</strong></span> <span class='ocrx_word' id='word_1_250' title='bbox 1150 2642 1173 2692; x_wconf 69' lang='lat'><strong>⁰⁸</strong></span> 
     </span>
     <span class='ocr_line' id='line_1_30' title="bbox 180 2723 871 2803; baseline 0.001 -21"><span class='ocrx_word' id='word_1_251' title='bbox 180 2723 293 2783; x_wconf 90' lang='lat' dir='ltr'><strong>abunde</strong></span> <span class='ocrx_word' id='word_1_252' title='bbox 311 2724 380 2785; x_wconf 86' lang='lat' dir='ltr'><strong>dixit</strong></span> <span class='ocrx_word' id='word_1_253' title='bbox 395 2724 487 2802; x_wconf 90' lang='lat' dir='ltr'><strong>bene,</strong></span> <span class='ocrx_word' id='word_1_254' title='bbox 510 2726 641 2803; x_wconf 91' lang='lat' dir='ltr'><strong>quisquis</strong></span> <span class='ocrx_word' id='word_1_255' title='bbox 657 2727 701 2786; x_wconf 91' lang='lat' dir='ltr'><strong>rei</strong></span> <span class='ocrx_word' id='word_1_256' title='bbox 718 2725 871 2786; x_wconf 85' lang='lat' dir='ltr'><strong>satisfecit.</strong></span> 
     </span>
    </p>

    <p class='ocr_par' dir='ltr' id='par_1_8' title="bbox 150 2799 1171 3307">
     <span class='ocr_line' id='line_1_31' title="bbox 150 2799 1171 2888; baseline -0.005 -18"><span class='ocrx_word' id='word_1_257' title='bbox 150 2816 169 2870; x_wconf 84' lang='lat'>8</span> <span class='ocrx_word' id='word_1_258' title='bbox 264 2806 302 2867; x_wconf 83' lang='lat' dir='ltr'><strong>At</strong></span> <span class='ocrx_word' id='word_1_259' title='bbox 318 2808 448 2886; x_wconf 85' lang='lat' dir='ltr'><strong>quidam,</strong></span> <span class='ocrx_word' id='word_1_260' title='bbox 472 2810 583 2869; x_wconf 88' lang='lat' dir='ltr'><strong>etiamsi</strong></span> <span class='ocrx_word' id='word_1_261' title='bbox 599 2808 677 2869; x_wconf 87' lang='lat' dir='ltr'><strong>iorte</strong></span> <span class='ocrx_word' id='word_1_262' title='bbox 695 2818 889 2888; x_wconf 91' lang='lat' dir='ltr'><strong>susceperunt</strong></span> <span class='ocrx_word' id='word_1_263' title='bbox 907 2809 1027 2886; x_wconf 83' lang='lat' dir='ltr'><strong>negotia</strong></span> <span class='ocrx_word' id='word_1_264' title='bbox 1042 2806 1128 2887; x_wconf 92' lang='lat' dir='ltr'><strong>paulo</strong></span> <span class='ocrx_word' id='word_1_265' title='bbox 1142 2799 1171 2860; x_wconf 80' lang='lat' dir='ltr'><strong>td</strong></span> 
     </span>
     <span class='ocr_line' id='line_1_32' title="bbox 180 2891 1171 2972; baseline -0.006 -21"><span class='ocrx_word' id='word_1_266' title='bbox 180 2891 333 2951; x_wconf 89' lang='lat' dir='ltr'><strong>dicendum</strong></span> <span class='ocrx_word' id='word_1_267' title='bbox 356 2893 504 2968; x_wconf 85' lang='lat' dir='ltr'><strong>tenuiora,</strong></span> <span class='ocrx_word' id='word_1_268' title='bbox 534 2895 717 2953; x_wconf 85' lang='lat' dir='ltr'><strong>extrinsecus</strong></span> <span class='ocrx_word' id='word_1_269' title='bbox 738 2893 870 2972; x_wconf 86' lang='lat' dir='ltr'><strong>adductis</strong></span> <span class='ocrx_word' id='word_1_270' title='bbox 893 2892 1039 2953; x_wconf 83' lang='lat' dir='ltr'><strong>carebus</strong></span> <span class='ocrx_word' id='word_1_271' title='bbox 1062 2894 1171 2952; x_wconf 90' lang='lat' dir='ltr'><strong>circum·</strong></span> 
     </span>
     <span class='ocr_line' id='line_1_33' title="bbox 180 2974 1170 3055; baseline -0.005 -22"><span class='ocrx_word' id='word_1_272' title='bbox 180 2974 282 3033; x_wconf 90' lang='lat' dir='ltr'><strong>liniunt</strong></span> <span class='ocrx_word' id='word_1_273' title='bbox 298 2992 349 3050; x_wconf 87' lang='lat' dir='ltr'><strong>ac,</strong></span> <span class='ocrx_word' id='word_1_274' title='bbox 366 2977 390 3034; x_wconf 90' lang='lat' dir='ltr'><strong>si</strong></span> <span class='ocrx_word' id='word_1_275' title='bbox 407 2975 570 3036; x_wconf 81' lang='lat' dir='ltr'><strong>defecerint</strong></span> <span class='ocrx_word' id='word_1_276' title='bbox 585 2976 658 3052; x_wconf 86' lang='lat' dir='ltr'><strong>alia,</strong></span> <span class='ocrx_word' id='word_1_277' title='bbox 681 2977 820 3036; x_wconf 85' lang='lat' dir='ltr'><strong>conviciis</strong></span> <span class='ocrx_word' id='word_1_278' title='bbox 838 2977 959 3055; x_wconf 92' lang='lat' dir='ltr'><strong>implent</strong></span> <span class='ocrx_word' id='word_1_279' title='bbox 970 2995 1065 3036; x_wconf 89' lang='lat' dir='ltr'><strong>vacua</strong></span> <span class='ocrx_word' id='word_1_280' title='bbox 1082 2987 1170 3035; x_wconf 88' lang='lat' dir='ltr'><strong>causa·</strong></span> 
     </span>
     <span class='ocr_line' id='line_1_34' title="bbox 169 3055 1171 3137; baseline -0.001 -21"><span class='ocrx_word' id='word_1_281' title='bbox 169 3075 255 3127; x_wconf 89' lang='lat' dir='ltr'><strong>·rum;</strong></span> <span class='ocrx_word' id='word_1_282' title='bbox 277 3059 303 3117; x_wconf 89' lang='lat' dir='ltr'><strong>si</strong></span> <span class='ocrx_word' id='word_1_283' title='bbox 319 3060 476 3137; x_wconf 90' lang='lat' dir='ltr'><strong>contingit,</strong></span> <span class='ocrx_word' id='word_1_284' title='bbox 495 3062 592 3129; x_wconf 86' lang='lat' dir='ltr'><strong>veris;</strong></span> <span class='ocrx_word' id='word_1_285' title='bbox 618 3061 766 3137; x_wconf 90' lang='lat' dir='ltr'><strong>siminus,</strong></span> <span class='ocrx_word' id='word_1_286' title='bbox 789 3061 879 3130; x_wconf 84' lang='lat' dir='ltr'><strong>lictis;</strong></span> <span class='ocrx_word' id='word_1_287' title='bbox 902 3061 988 3121; x_wconf 91' lang='lat' dir='ltr'><strong>modo</strong></span> <span class='ocrx_word' id='word_1_288' title='bbox 1011 3062 1048 3119; x_wconf 91' lang='lat' dir='ltr'><strong>sit</strong></span> <span class='ocrx_word' id='word_1_289' title='bbox 1063 3055 1171 3120; x_wconf 83' lang='lat' dir='ltr'><strong>materia</strong></span> 
     </span>
     <span class='ocr_line' id='line_1_35' title="bbox 179 3140 1170 3221; baseline 0 -21"><span class='ocrx_word' id='word_1_290' title='bbox 179 3142 289 3219; x_wconf 90' lang='lat' dir='ltr'><strong>ingenii</strong></span> <span class='ocrx_word' id='word_1_291' title='bbox 305 3151 507 3221; x_wconf 86' lang='lat' dir='ltr'><strong>mereaturque</strong></span> <span class='ocrx_word' id='word_1_292' title='bbox 524 3143 680 3204; x_wconf 91' lang='lat' dir='ltr'><strong>clamorem</strong></span> <span class='ocrx_word' id='word_1_293' title='bbox 696 3145 762 3205; x_wconf 92' lang='lat' dir='ltr'><strong>dum</strong></span> <span class='ocrx_word' id='word_1_294' title='bbox 780 3145 891 3205; x_wconf 90' lang='lat' dir='ltr'><strong>dicitur.</strong></span> <span class='ocrx_word' id='word_1_295' title='bbox 925 3143 1010 3218; x_wconf 80' lang='lat' dir='ltr'><strong>Quod</strong></span> <span class='ocrx_word' id='word_1_296' title='bbox 1028 3161 1087 3221; x_wconf 87' lang='lat' dir='ltr'><strong>ego</strong></span> <span class='ocrx_word' id='word_1_297' title='bbox 1108 3140 1170 3200; x_wconf 83' lang='lat' dir='ltr'><strong>adeo</strong></span> 
     </span>
     <span class='ocr_line' id='line_1_36' title="bbox 180 3221 1171 3307; baseline -0.002 -23"><span class='ocrx_word' id='word_1_298' title='bbox 180 3225 269 3303; x_wconf 88' lang='lat' dir='ltr'><strong>longe</strong></span> <span class='ocrx_word' id='word_1_299' title='bbox 284 3235 354 3304; x_wconf 93' lang='lat' dir='ltr'><strong>puto</strong></span> <span class='ocrx_word' id='word_1_300' title='bbox 376 3226 413 3288; x_wconf 91' lang='lat' dir='ltr'><strong>ab</strong></span> <span class='ocrx_word' id='word_1_301' title='bbox 431 3235 548 3287; x_wconf 90' lang='lat' dir='ltr'><strong>oratore</strong></span> <span class='ocrx_word' id='word_1_302' title='bbox 562 3228 713 3307; x_wconf 84' lang='lat' dir='ltr'><strong>perlecto,</strong></span> <span class='ocrx_word' id='word_1_303' title='bbox 736 3237 768 3289; x_wconf 92' lang='lat' dir='ltr'><strong>ut</strong></span> <span class='ocrx_word' id='word_1_304' title='bbox 783 3246 847 3288; x_wconf 89' lang='lat' dir='ltr'><strong>eum</strong></span> <span class='ocrx_word' id='word_1_305' title='bbox 862 3247 899 3288; x_wconf 90' lang='lat' dir='ltr'><strong>ne</strong></span> <span class='ocrx_word' id='word_1_306' title='bbox 914 3245 984 3288; x_wconf 91' lang='lat' dir='ltr'><strong>vera</strong></span> <span class='ocrx_word' id='word_1_307' title='bbox 1000 3228 1114 3306; x_wconf 90' lang='lat' dir='ltr'><strong>quidem</strong></span> <span class='ocrx_word' id='word_1_308' title='bbox 1129 3221 1171 3282; x_wconf 91' lang='lat' dir='ltr'><strong>ob·</strong></span> 
     </span>
    </p>

    <p class='ocr_par' dir='ltr' id='par_1_9' title="bbox 152 3310 1208 3560">
     <span class='ocr_line' id='line_1_37' title="bbox 152 3310 1208 3390; baseline -0.007 -19"><span class='ocrx_word' id='word_1_309' title='bbox 152 3310 337 3387; x_wconf 77' lang='lat' dir='ltr'><strong>eiecturum,</strong></span> <span class='ocrx_word' id='word_1_310' title='bbox 353 3312 408 3370; x_wconf 92' lang='lat' dir='ltr'><strong>nisi</strong></span> <span class='ocrx_word' id='word_1_311' title='bbox 425 3311 453 3370; x_wconf 91' lang='lat' dir='ltr'><strong>id</strong></span> <span class='ocrx_word' id='word_1_312' title='bbox 469 3328 555 3372; x_wconf 91' lang='lat' dir='ltr'><strong>causa</strong></span> <span class='ocrx_word' id='word_1_313' title='bbox 572 3313 673 3390; x_wconf 81' lang='lat' dir='ltr'><strong>exigit,</strong></span> <span class='ocrx_word' id='word_1_314' title='bbox 692 3312 817 3373; x_wconf 90' lang='lat' dir='ltr'><strong>credam.</strong></span> <span class='ocrx_word' id='word_1_315' title='bbox 850 3311 893 3372; x_wconf 84' lang='lat' dir='ltr'><strong>Ea</strong></span> <span class='ocrx_word' id='word_1_316' title='bbox 909 3322 955 3372; x_wconf 91' lang='lat' dir='ltr'><strong>est</strong></span> <span class='ocrx_word' id='word_1_317' title='bbox 972 3315 1047 3372; x_wconf 89' lang='lat' dir='ltr'><strong>enirn</strong></span> <span class='ocrx_word' id='word_1_318' title='bbox 1062 3321 1169 3390; x_wconf 86' lang='lat' dir='ltr'><strong>prorsus</strong></span> <span class='ocrx_word' id='word_1_319' title='bbox 1205 3365 1208 3374; x_wconf 78' lang='grc'><strong><em>,</em></strong></span> 
     </span>
     <span class='ocr_line' id='line_1_38' title="bbox 182 3387 1170 3474; baseline -0.006 -20"><span class='ocrx_word' id='word_1_320' title='bbox 182 3393 313 3470; x_wconf 66' lang='lat' dir='ltr'><strong>carduo,</strong></span> <span class='ocrx_word' id='word_1_321' title='bbox 337 3403 367 3454; x_wconf 93' lang='lat' dir='ltr'><strong>ut</strong></span> <span class='ocrx_word' id='word_1_322' title='bbox 382 3397 421 3454; x_wconf 92' lang='lat' dir='ltr'><strong>ait</strong></span> <span class='ocrx_word' id='word_1_323' title='bbox 436 3393 566 3474; x_wconf 80' lang='lat' dir='ltr'><strong>Appius,</strong></span> <span class='ocrx_word' id='word_1_324' title='bbox 583 3396 767 3474; x_wconf 89' lang='lat' dir='ltr'><strong>eloquentia,</strong></span> <span class='ocrx_word' id='word_1_325' title='bbox 784 3399 962 3474; x_wconf 88' lang='lat' dir='ltr'><strong>cognituram</strong></span> <span class='ocrx_word' id='word_1_326' title='bbox 978 3397 1053 3456; x_wconf 89' lang='lat' dir='ltr'><strong>male</strong></span> <span class='ocrx_word' id='word_1_327' title='bbox 1069 3387 1170 3455; x_wconf 87' lang='lat' dir='ltr'><strong>dicendi</strong></span> 
     </span>
     <span class='ocr_line' id='line_1_39' title="bbox 182 3473 1169 3560; baseline 0.004 -29"><span class='ocrx_word' id='word_1_328' title='bbox 182 3473 295 3545; x_wconf 85' lang='lat' dir='ltr'><strong>subire;</strong></span> <span class='ocrx_word' id='word_1_329' title='bbox 327 3478 595 3555; x_wconf 63' lang='lat' dir='ltr'><strong>quod‘iacientibus</strong></span> <span class='ocrx_word' id='word_1_330' title='bbox 617 3482 702 3540; x_wconf 87' lang='lat' dir='ltr'><strong>etiam</strong></span> <span class='ocrx_word' id='word_1_331' title='bbox 723 3480 799 3540; x_wconf 92' lang='lat' dir='ltr'><strong>male</strong></span> <span class='ocrx_word' id='word_1_332' title='bbox 821 3480 954 3540; x_wconf 87' lang='lat' dir='ltr'><strong>audiendi</strong></span> <span class='ocrx_word' id='word_1_333' title='bbox 971 3473 1169 3560; x_wconf 76' lang='lat' dir='ltr'><strong>praesumendi</strong></span> 
     </span>
    </p>
   </div>
   <div class='ocr_carea' id='block_1_5' title="bbox 0 0 1240 3962">
    <p class='ocr_par' dir='ltr' id='par_1_10' title="bbox 0 0 1240 3962">
     <span class='ocr_line' id='line_1_40' title="bbox 0 0 1240 3962; baseline 0 0"><span class='ocrx_word' id='word_1_334' title='bbox 0 0 1240 3962; x_wconf 95' lang='lat' dir='ltr'><strong> </strong></span> 
     </span>
    </p>
   </div>
  </div>
 </body>
</html>
