2436 3956
322 224 411 272 mer.
430 224 578 274 ouuron.
595 226 664 273 uro.
680 226 754 292 vmr,
769 222 795 276 3.
1004 215 1042 278 61

62 375 135 435 tiano.
164 375 227 436 Non
243 377 317 436 enim
335 379 405 436 satis
421 377 511 438 eiiicit
522 377 637 457 neque,
652 388 683 438 ut
699 378 796 454 debet,
812 379 900 456 plene
918 383 1043 443 domina·

61 465 100 516 tur
113 461 212 533 oratio,
229 460 361 536 eiusque
380 459 416 520 ad
434 478 519 520 aures
535 463 629 536 valet,
654 471 740 540 atque
762 478 796 520 ea
811 463 865 522 sibi
882 463 985 540 iudex,
1008 466 1044 526 de

59 539 153 616 quibus
170 544 330 620 cognoscit,
347 545 456 602 narrari
472 544 563 604 credit
577 561 634 604 nou
652 546 771 622 exprimi
788 554 817 602 et
834 546 927 605 oculis
940 550 1042 606 mentis
1145 582 1156 592 ν

58 623 171 684 ostendi.
213 625 271 684 Sed
303 627 436 701 quoniam
464 625 593 704 pluribus
622 627 715 686 modis
745 629 839 705 accipi
869 629 960 688 solet:
986 638 1085 692 uonttt

58 705 182 782 equidem
197 708 225 766 in
239 725 339 767 omnes
359 727 421 768 eam
438 710 593 787 particulas
611 709 736 784 secabo,
757 727 875 787 quarum
891 712 1042 774 ambitiose

24 827 32 840 .
56 787 247 865 aquibusdam
265 808 401 850 numerus
422 799 557 870 augetur,
584 794 636 852 sed
656 795 778 852 maxime
802 798 983 855 necessarias
1002 806 1042 856 at·

54 871 161 946 tingam.
197 871 251 932 Est
265 875 351 950 igitur
365 893 450 933 unum
465 894 573 952 genus,
590 893 648 954 quo
663 885 725 935 tota
741 893 837 935 rerum
854 879 948 952 imago
972 896 1042 956 quo·

55 952 195 1014 dommodo
212 956 310 1016 verbis
325 957 502 1035 depingitur:

147 1036 285 1101 Constitit
304 1041 337 1100 in
360 1041 468 1118 digitos
485 1044 633 1120 extemplo
648 1051 790 1103 arrectos
806 1050 934 1119 uterque

54 1127 204 1197 eleatem,
229 1140 303 1200 quae
326 1122 409 1182 nobis
430 1123 508 1183 illam
529 1125 657 1201 pugilum
676 1125 922 1201 congredientium
937 1125 1041 1186 faciem

53 1202 88 1260 ita
103 1204 266 1280 ostendunt,
284 1215 386 1265 utnon
402 1206 510 1265 clarior
525 1207 619 1266 lutura
635 1208 722 1267 luerit
737 1207 946 1285 spectantibus.
978 1209 1084 1273 Plu-64

51 1284 143 1344 nimum
167 1288 195 1346 in
221 1288 280 1348 hoc
301 1307 411 1365 genere
435 1291 509 1349 sicut
529 1291 558 1347 in
578 1293 684 1351 ceteris
707 1292 812 1350 eminet
835 1289 950 1350 Cicero.
995 1292 1041 1351 An

52 1367 192 1446 quisquam
212 1381 270 1431 tam
285 1371 391 1449 procul
407 1390 423 1431 a
440 1373 636 1451 concipiendis
651 1373 820 1451 imaginibus
836 1391 931 1433 rerum
946 1373 1039 1450 abest,

51 1457 166 1529 utnon,
189 1472 255 1514 cum
278 1454 328 1514 illa
349 1457 378 1514 in
401 1454 523 1515 Verrem
544 1455 632 1533 legit:
654 1455 742 1518 Stetit
765 1458 899 1518 soleatos
911 1467 1040 1535 praetor·

48 1537 147 1614 populi
160 1535 294 1600 bonnoni
309 1557 377 1600 cum
391 1540 486 1616 pollio
498 1558 657 1618 purpureo
676 1542 838 1618 metroque
860 1543 955 1601 taturi
973 1561 1039 1602 mu-

50 1619 171 1682 liercula
185 1626 280 1684 nimos
294 1623 326 1682 io
343 1625 447 1698 litore,
469 1639 527 1680 non
544 1622 637 1682 solum
652 1626 733 1701 ipsos
748 1625 852 1683 intueri
864 1623 995 1684 videatur
1011 1632 1040 1684 et

53 1697 137 1762 locum
153 1714 182 1763 et
203 1704 332 1764 habitum
353 1705 405 1764 sed
422 1704 560 1782 quaedam
576 1708 661 1766 etiam
676 1724 714 1765 ex
728 1708 780 1782 iis,
802 1723 875 1784 quae
892 1707 968 1766 dicta
983 1725 1040 1767 non

51 1792 122 1861 suot,
143 1786 197 1847 sibi
218 1789 285 1866 ipse
307 1785 435 1848 astruat?
472 1788 537 1864 Ego
562 1797 642 1847 certe
662 1788 729 1847 milri
750 1807 872 1848 cernere
893 1790 996 1848 videor
1012 1801 1082 1854 etto

49 1867 146 1928 uultum
162 1880 191 1929 et
206 1871 311 1931 oculos
332 1881 361 1931 et
379 1870 525 1930 deformes
542 1873 691 1947 utriusque
708 1870 859 1930 blanditias
883 1881 912 1929 et
929 1888 1038 1948 eorum,

9 1993 11 2000 .
49 1951 92 2025 qui
109 1952 245 2029 aderaut,
266 1957 380 2014 tacitam
398 1955 607 2014 aversationem
630 1971 664 2013 ac
687 1954 811 2014 timidam
826 1955 1038 2014 verecundiam.

48 2027 155 2094 iuterim
173 2053 211 2098 ex
226 2037 358 2116 pluribus
376 2037 499 2097 eiiicitur
514 2037 580 2111 illa,
603 2054 686 2114 quam
710 2053 846 2097 conamur
864 2039 1038 2115 exprimere,
1048 2047 1082 2102 66

9 2159 11 2182 1
47 2112 142 2192 iacies,
160 2128 189 2178 ut
205 2129 254 2179 est
268 2120 343 2198 apud
359 2120 480 2180 eundem
503 2120 646 2198 (namque
660 2118 696 2180 ad
712 2122 834 2179 omnium
850 2119 968 2180 ornandi
983 2123 1039 2180 vir·

9 2229 11 2264 r
48 2205 129 2258 tutum
147 2202 313 2281 exemplum
332 2203 380 2262 vel
403 2222 475 2263 unus
498 2203 625 2281 sufficit)
647 2205 676 2261 in
697 2202 893 2281 descriptione
914 2205 1039 2262 convivii

9 2315 11 2358 ;
47 2277 194 2346 luxuriosi:
214 2284 353 2348 Videbar
366 2288 472 2348 oidmc
483 2288 561 2347 alios
573 2287 734 2362 intrantes,
749 2288 827 2347 alios
837 2304 910 2347 cero
924 2304 1039 2348 exeun·

46 2369 96 2441 tes,
111 2371 261 2443 quosdam
275 2388 316 2430 ee
328 2372 399 2431 cino
408 2370 599 2445 vacillantes,
617 2371 766 2448 quosdam
776 2370 920 2430 besterna
935 2387 975 2430 ecc
987 2387 1040 2448 po·

47 2449 151 2511 tatione
166 2454 342 2515 oscitantes·
374 2451 491 2514 domus
508 2462 576 2514 erat
596 2454 770 2529 immundo,
794 2453 940 2514 lutulento
958 2455 1039 2528 eino,

47 2536 161 2594 omaus
182 2537 372 2615 languidulis
391 2545 420 2597 et
441 2538 539 2614 opinio
554 2545 698 2614 cooperto
710 2537 853 2614 piscium.
885 2534 960 2608 Quid
975 2535 1080 2615 plusti

46 2614 168 2693 uideret,
192 2621 242 2696 qui
264 2616 419 2678 intrasset?
459 2620 507 2679 Sic
529 2628 558 2678 et
581 2618 691 2678 urbium
707 2628 853 2696 captarum
868 2619 974 2678 crescit
989 2619 1039 2675 mi-

46 2700 157 2758 seratio.
190 2703 260 2761 Sine
275 2701 361 2762 dubio
377 2703 467 2776 enim,
490 2704 538 2779 qui
553 2701 622 2760 dicit
640 2710 832 2778 expugnatam
855 2718 922 2759 csse
941 2701 1039 2759 ciuita-

45 2786 112 2856 tem,
135 2784 339 2862 complectitur
357 2787 466 2860 omniu,
490 2801 680 2861 quaecuuque
703 2785 770 2844 talis
790 2784 905 2843 fortuna
919 2783 1038 2860 recipit;

47 2863 94 2922 sed
109 2866 136 2923 in
151 2867 275 2926 allectus
293 2870 384 2927 minus
400 2877 533 2946 penetrat
553 2867 651 2926 brevis
672 2866 719 2926 nic
741 2866 821 2927 velut
841 2868 964 2926 nuntius.
998 2865 1079 2929 Atos

46 2943 67 3002 si
84 2951 197 3026 aperias
214 2949 303 3026 haec,
322 2969 396 3028 quae
417 2942 508 3010 ver'bo
529 2968 585 3010 uno
605 2949 716 3010 inclusa
738 2959 836 3026 erant,
860 2949 1039 3029 apparebunt

46 3027 150 3090 effusae
167 3050 224 3110 per
239 3034 338 3093 domus
355 3053 389 3094 ao
405 3032 513 3112 templa
534 3034 663 3093 flammae
686 3042 715 3093 et
734 3035 875 3093 ruentium
895 3042 1038 3093 tectorum

44 3108 139 3189 fragor
155 3125 185 3175 et
207 3134 246 3175 cx
261 3118 382 3176 diversis
397 3116 571 3177 clamoribus
589 3134 660 3175 unus
674 3117 787 3195 quidam
802 3135 901 3192 sonus,
918 3117 1038 3177 aliorum

44 3191 109 3270 iugo
125 3200 255 3273 incerta,
279 3200 327 3260 alii
347 3211 477 3260 extremo
494 3201 648 3279 complexu
669 3217 785 3260 suorum
801 3201 992 3260 cohaerentes
1009 3207 1038 3257 et

44 3275 187 3340 infantium
202 3281 428 3362 feminammque
443 3283 574 3362 ploratus
590 3292 619 3342 et
633 3284 710 3344 male
726 3286 754 3342 in
768 3284 848 3343 illum
858 3299 951 3360 usque
963 3282 1038 3341 diem

45 3365 148 3422 servati
168 3365 231 3425 lato
253 3384 354 3436 senes;
377 3377 436 3425 tum
456 3367 507 3426 illa
530 3367 716 3444 profanorum
736 3383 943 3443 sacrorumque
962 3363 1036 3424 dire·
1046 3373 1080 3428 69

45 3444 118 3522 ptio,
142 3447 323 3508 efferentium
344 3450 467 3529 praedas
489 3451 739 3529 repetentiumque
761 3449 907 3510 discursus
929 3457 958 3507 et
981 3450 1039 3512 acti
