2494 3952
171 163 230 222 120
483 177 520 222 rr.
536 175 850 235 remorsurum

163 331 322 389 tulissent
341 329 390 388 illa
405 346 472 388 neo
489 329 605 406 quiden
620 326 738 403 indicio,
755 331 785 388 in
802 329 906 406 quinus
920 330 1013 392 serlta
1031 331 1176 396 decenter

166 413 284 492 pudoris
298 415 391 488 gratia
405 412 623 472 nhtrahntnr:

263 493 1061 576 ,loriamtqrrimtrmosrastsentidusdirois‚

267 576 307 638 Et
320 597 391 656 quo,
405 583 463 641 sed
475 580 587 656 [seiles
601 576 762 658 Nymphae
775 582 885 648 msere,
898 585 1028 644 sacello.

123 662 246 730 oofflno
260 663 374 740 qnidam
388 664 577 741 aposiopesin
593 672 707 741 patent,
723 663 841 722 irum.
870 663 960 738 Nem,
977 667 1029 726 illa
1046 668 1121 745 qnid
1138 677 1178 727 la·

167 756 247 820 seat,
265 749 405 808 insertam
420 755 465 806 est
480 756 529 806 aut
549 755 631 804 eerte
646 746 781 822 longiore
796 764 931 807 sermone
953 751 1177 828 explicandum,

165 829 214 890 laio
228 849 313 890 unum
331 830 452 890 rerbnn
474 839 504 890 et
523 831 705 889 nanifestam
719 831 853 908 quidem,
874 831 1077 901 desideratum
1102 852 1178 912 quae

165 916 191 972 si
206 915 392 992 aposiopesis
406 923 469 988 est,
488 914 558 972 nilril
574 930 648 986 non,
667 917 696 973 in
710 930 769 991 qno
783 914 868 974 deest
882 915 1007 993 aliquid,
1028 917 1111 976 idern
1128 936 1177 996 ap·

123 996 331 1074 ilpellnltitnr.
364 996 500 1074 Neeego
516 997 587 1057 illud
610 997 724 1074 quidem
741 999 929 1075 aposiopesin
944 1017 1065 1077 semper
1083 1018 1177 1075 voco,

167 1081 270 1158 inquo
287 1099 336 1140 res
351 1098 542 1159 quaeeunque
556 1080 727 1158 relinquitur
748 1079 952 1157 intellgenua,
979 1091 1010 1142 ut
1032 1101 1134 1162 aeque
1149 1087 1178 1143 in

166 1163 300 1242 epistolis
310 1161 432 1224 Cicero:
447 1162 533 1224 Date
545 1162 780 1242 Lupercalibus,
795 1181 855 1241 quo
866 1168 918 1226 die
926 1163 1080 1227 Antoniou
1094 1165 1177 1228 Coe-

164 1248 251 1314 um}
265 1263 323 1306 non
339 1249 414 1306 enim
428 1247 549 1307 obticuit
561 1256 610 1307 ant
625 1247 703 1322 lusit,
718 1249 786 1325 qnia
801 1248 871 1307 nihil
886 1249 934 1308 lrio
952 1249 1030 1309 aliud
1043 1251 1176 1328 intelligi

124 1339 281 1410 oepoteret
303 1349 386 1408 vam
405 1331 480 1405 lroc,
504 1333 650 1392 diademo
670 1333 821 1410 imposuit.
862 1333 966 1392 Altera
987 1342 1034 1393 est
1048 1351 1108 1412 per
1124 1333 1175 1394 de·
1222 1383 1224 1412 ,

166 1416 336 1473 necionem
358 1415 464 1490 ligura,
488 1413 524 1474 de
548 1432 604 1492 qna
626 1415 712 1474 modo
732 1416 857 1489 dietum,
881 1418 926 1475 cui
948 1419 1176 1477 coniunctiones

167 1499 335 1556 eximuntur.
368 1497 477 1572 Tertia,
495 1515 569 1575 qnae
584 1497 688 1556 dieitur
704 1499 941 1578 σννεξειημένον,
965 1501 992 1558 in
1011 1518 1068 1578 que
1085 1519 1186 1561 unum,

167 1579 203 1640 ad
217 1579 337 1639 verbum
351 1580 451 1658 plures
467 1583 628 1641 sententiae
642 1581 822 1656 referuntur,
843 1601 961 1661 quarum
976 1601 1176 1663 unaquaeque

167 1662 347 1723 desideraret
362 1664 443 1739 illud,
459 1666 483 1724 si
494 1665 557 1724 sola
572 1674 740 1743 poneretur.
770 1663 802 1724 ld
815 1667 922 1726 accidit
937 1675 985 1726 aut
996 1671 1174 1746 praeposito

166 1745 275 1820 verbo,
303 1747 339 1807 ad
360 1747 438 1826 quod
460 1748 573 1828 reliqua
596 1749 767 1827 respiciant:
795 1745 873 1810 Vicit
889 1752 1041 1828 pudorem
1062 1753 1172 1827 libido,

167 1834 302 1892 timorem
319 1834 468 1908 audacio,
486 1835 633 1893 rationem
647 1835 802 1899 amor
824 1840 873 1891 aul
889 1832 988 1909 illato,
1006 1851 1065 1913 quo
1086 1835 1174 1912 plura
1222 1835 1224 1916 l

167 1913 333 1975 eluduntur:
364 1914 469 1993 Neque
490 1918 569 1976 euim
591 1918 620 1976 is
641 1935 692 1991 ee,
713 1913 866 1991 Catilina,
882 1927 921 1990 ‚ut
942 1926 970 1978 te
991 1927 1047 1978 ottt
1065 1921 1174 1996 pudor
1223 1927 1224 1970 l

166 2014 302 2075 uuquam
323 2018 344 2059 a
364 1999 554 2079 turpitudine
574 2007 628 2060 out
648 2007 745 2060 metus
768 2018 789 2060 o
808 2001 949 2078 periculo
970 2010 1024 2061 aut
1046 2004 1131 2063 ratio
1150 2022 1172 2063 o

124 2083 272 2162 odfrtrore
293 2084 494 2146 revocaverit.
532 2081 655 2142 lledium
680 2099 797 2162 quoqne
818 2091 1016 2161 potestesse,
1042 2085 1125 2163 quod
1142 2093 1171 2143 et

167 2163 311 2243 prioribus
335 2174 364 2225 et
379 2165 566 2245 sequentibus
581 2165 714 2225 sufficiat.
750 2165 845 2242 longit
865 2175 959 2225 autem
982 2175 1012 2226 et
1033 2168 1171 2227 diversos

168 2266 276 2323 sexus,
300 2257 331 2308 ut
352 2268 415 2309 cum
429 2267 537 2309 marem
557 2248 749 2328 feminamque
763 2249 843 2326 filios
859 2251 994 2325 dicimus,
1017 2259 1047 2309 et
1071 2253 1169 2328 singu-

124 2330 238 2393 oilaria
253 2330 411 2410 pluralibus
427 2335 539 2392 miscet.
573 2330 632 2392 Sed
649 2333 722 2393 liaeo
738 2333 812 2393 adeo
828 2342 893 2392 sunt
907 2333 1051 2410 vulgaria,
1068 2343 1100 2394 ut
1116 2335 1171 2394 sihi

167 2423 256 2474 artem
273 2414 425 2491 figurarum
441 2434 575 2476 asserere
590 2433 647 2476 non
662 2418 783 2494 possint.
813 2415 888 2476 lllud
900 2417 986 2495 plene
1003 2417 1096 2494 ligura
1114 2427 1169 2485 est,

168 2515 223 2576 qua
238 2496 353 2559 diversa
368 2500 510 2558 sermonis
525 2499 616 2560 forme
632 2500 828 2577 coniungitur:

497 2617 538 2627 —
554 2581 654 2645 Sociis
670 2591 753 2660 tuuc,
769 2602 859 2646 armo
876 2593 1052 2662 reposuerit,

293 2663 402 2744 Edico,
418 2675 446 2728 et
462 2668 535 2729 diro
550 2667 659 2729 bellum
676 2687 744 2728 cum
758 2675 846 2746 pente
859 2667 1040 2745 pereudum.

168 2749 304 2824 Quemvis
317 2751 390 2810 enim
403 2769 470 2829 pars
485 2751 565 2813 bello
578 2752 726 2829 posterior
739 2752 891 2829 participio
908 2751 1035 2809 insistat:
1053 2753 1168 2828 utrique
1223 2749 1224 2775 ¹

168 2835 303 2895 convenit
320 2833 389 2895 illud
405 2836 502 2897 edico.
539 2833 605 2894 Non
626 2835 724 2912 utique
744 2834 931 2894 detractionis
951 2835 1046 2910 gratia
1062 2831 1166 2892 iactam

168 2918 397 2978 coniunctionem
418 2919 619 2979 ouvuuslnow
637 2925 759 2994 vocant,
781 2935 856 2995 quae
883 2915 953 2976 duas
971 2935 1020 2976 res
1036 2917 1167 2976 diversus

169 3001 305 3078 colliget:
330 2999 404 3064 Toto
425 3003 511 3064 deest
532 3021 646 3077 ooaro,
668 3003 750 3078 qttod
763 3001 869 3077 ludet,
895 3017 986 3078 quum
1008 3001 1093 3079 quod
1108 3019 1166 3061 troo

124 3084 264 3147 ostatu.
300 3083 372 3144 Huic
392 3083 534 3144 diversam
555 3085 655 3145 volunt
676 3103 743 3144 esse
772 3084 996 3158 distinctionem,
1021 3085 1068 3144 oui
1101 3083 1166 3143 dent

168 3183 271 3228 nomen
282 3162 533 3248 uepedtuoroidu,
549 3171 615 3247 quia
627 3168 728 3228 similia
740 3165 953 3227 diseernuntur:
972 3164 1048 3227 Cum
1066 3179 1095 3230 te
1106 3184 1165 3246 pro

167 3257 266 3313 astuto
283 3271 319 3312 so
341 3253 449 3313 ieutem
464 3253 611 3330 appelles,
624 3253 683 3330 pro
701 3251 869 3330 confidente
882 3252 1010 3329 fortem,
1033 3269 1091 3329 pro
1105 3251 1163 3310 illi·
1222 3261 1224 3320 ὲ

168 3334 267 3397 baroli
282 3271 463 3415 didymum.
494 3334 579 3409 Quod
594 3343 683 3394 totum
698 3335 807 3412 pendet
824 3353 860 3394 ex
878 3335 1021 3411 linitione,
1039 3333 1163 3410 ideoque

167 3434 203 3480 an
218 3419 308 3496 ligure
325 3420 361 3480 sit
380 3418 488 3480 dubito.
520 3416 573 3479 (lui
589 3420 731 3486 eontraria
749 3427 794 3478 est
810 3435 859 3495 ea,
883 3434 938 3495 qua
959 3417 990 3477 lit
1006 3435 1045 3478 ex
1059 3417 1161 3477 vicinia
1223 3483 1224 3504 ᾗ

1222 3509 1224 3536 l

1222 3551 1224 3598 l

51 3604 123 3616 *-
