2494 3952
341 211 429 260 tuor.
453 212 601 262 onuuon.
624 212 693 260 rna.
716 214 768 279 ns,
791 211 816 264 3.
1016 203 1073 264 119

443 400 486 413 —-
502 365 681 445 tecumque
700 368 855 446 laremque

117 449 274 529 Armaque
281 447 535 530 Amyclaeumque
546 469 652 512 eonem
664 447 865 528 Cressamque
875 451 1072 528 pharetramr

72 534 124 595 vel
146 534 284 594 diversis:
308 530 405 594 Arma
422 535 578 612 oleumque
598 565 640 576 -
657 530 781 594 Multum
801 535 852 594 tlte
873 541 901 594 et
920 537 1014 595 terris
1036 545 1116 598 -tu

72 616 173 679 Multa
199 633 325 696 quoque.
370 615 515 677 Aduerbio
540 632 657 695 quoque
679 625 709 675 et
728 617 896 694 pronomina
917 620 1115 694 variantur,53

72 700 134 762 llio
150 702 235 762 illum
254 701 491 774 mariamnem,
513 732 556 742 -
576 699 632 760 Bis
647 717 733 760 senos
749 701 915 761 alineare
931 701 1013 778 elles,
1031 735 1074 746 —
1177 775 1181 779 ¹

70 784 133 845 llic
144 784 217 844 nulii
227 801 404 862 responsum
411 785 531 861 primus
543 785 627 844 dedit
641 783 692 845 ille
701 779 823 861 petenti.
852 783 911 844 Sed
923 793 1072 863 utrumque

69 867 262 928 coacervatio
275 875 303 925 et
314 875 420 927 tantum
431 869 526 926 innota
538 875 586 926 aut
596 866 746 926 dissoluta.
766 865 902 926 Omnibus
914 869 1073 947 scriptores
1080 876 1116 929 54

70 969 128 1010 sua
146 951 259 1010 nomina
276 949 416 1010 dederunt
437 949 489 1011 sed
502 951 582 1011 varia
601 958 630 1009 et
645 959 674 1009 ut
698 951 801 1028 unique
817 950 935 1027 fingenti
955 951 1071 1030 placuit.

69 1033 153 1108 Fons
178 1034 292 1112 quidem
317 1051 406 1109 unus,
433 1034 498 1112 quia
519 1034 630 1093 acriora
652 1033 720 1102 iacit
743 1043 771 1092 et
791 1035 976 1111 instantiora,
999 1052 1073 1113 quae

68 1118 210 1192 dicimus,
228 1119 324 1177 etnim
339 1117 478 1196 quandam
492 1134 561 1196 prae
577 1134 609 1175 se
621 1117 743 1177 ferentia
758 1117 837 1176 velut
849 1121 965 1197 saepius
981 1135 1072 1177 erum·

70 1203 171 1280 pentis
191 1201 327 1260 adeotust

161 1327 353 1401 tradatis,
376 1346 449 1407 quae
470 1327 573 1387 dicitur
593 1329 714 1404 ettpcg,
737 1328 911 1406 apertiorem
927 1328 1013 1388 habet
1028 1347 1073 1388 ar·

68 1421 133 1472 tem
156 1421 185 1472 et
206 1413 295 1490 magis
314 1413 490 1486 affectatam,
524 1411 648 1489 ideoque
677 1429 745 1470 esse
772 1412 864 1471 rarior
885 1411 981 1471 debet.
1021 1410 1115 1476 Estts

69 1505 171 1556 autem
186 1497 248 1574 ipsa
264 1513 379 1574 quoque
397 1495 582 1561 adiectionis;
601 1496 707 1572 repetit
718 1497 802 1571 enim,
820 1512 893 1572 quae
908 1495 1071 1571 dictasunt,

70 1588 104 1638 et
119 1581 286 1658 priusquam
301 1579 336 1639 ad
355 1577 431 1638 aliud
447 1577 619 1653 descendat,
643 1579 670 1636 in
693 1577 837 1656 prioribus
853 1579 971 1638 resistit.
1002 1577 1072 1639 Eius

72 1662 240 1742 exemplum
256 1680 293 1722 ex
308 1661 420 1723 Graeco
436 1662 585 1721 notissimo
602 1661 803 1721 transferatur:
825 1659 893 1723 Nou
908 1663 989 1722 euim
1006 1663 1074 1722 diui

74 1747 198 1823 quidem
211 1747 268 1808 sed
284 1766 343 1808 noa
358 1746 487 1824 scripsi,
507 1764 565 1806 aee
585 1745 698 1822 scripsi
716 1746 843 1824 quidem
860 1746 919 1805 secl
936 1765 995 1806 non
1015 1745 1075 1806 odii

71 1831 274 1906 leqationem,
295 1847 352 1890 neo
373 1829 435 1891 otti
450 1830 572 1906 quidem
592 1829 649 1890 sed
667 1846 727 1888 nou
744 1830 890 1906 persuasi
913 1825 1072 1888 Tltebam's.

70 1914 137 1972 Sint
154 1920 250 1972 tamen
266 1913 367 1974 tradita
389 1921 418 1972 et
438 1912 553 1972 Latina:
575 1907 725 1990 Africano
746 1913 888 1972 uirtutem
909 1911 1117 1988 industriam

68 1997 172 2058 uirtus
184 1998 326 2074 galeriam,
339 1997 441 2075 qloria
456 1995 591 2056 aemulos
610 1995 809 2072 comparauit.
841 1991 878 2053 Et
896 1991 992 2054 Caini:
1008 1991 1075 2054 Non

67 2099 147 2158 erqo
171 2082 270 2158 mauis
289 2081 493 2160 pecuniarum
512 2078 753 2156 repetundarum
783 2094 874 2155 quum
896 2079 1074 2152 maiestatis,

14 2177 15 2180 ’
67 2179 172 2241 neque
187 2164 354 2224 malestatis
365 2165 464 2240 maqis
478 2178 569 2240 quam
581 2159 720 2224 Plautiae
731 2162 816 2240 lepis,
829 2178 925 2238 neque
937 2158 1075 2222 Plautiae

14 2319 15 2322 Ἴ
66 2247 152 2325 leqis
180 2247 278 2325 maqis
306 2264 398 2324 quam
422 2247 569 2321 ambitus,
591 2263 689 2322 neque
712 2244 844 2306 umbllus
862 2245 961 2322 maqis
984 2261 1075 2320 quam

14 2337 16 2414 ζ
69 2332 207 2391 omru'um
223 2332 321 2408 lequm
335 2338 387 2391 est.
420 2327 564 2388 Invenitur
581 2328 655 2406 apud
675 2337 778 2406 poetas
797 2343 930 2407 quoque,
954 2336 983 2386 ut
1000 2326 1074 2405 apud
1083 2332 1117 2390 57

14 2417 16 2450 i
68 2413 229 2474 Homerum
244 2413 281 2474 de
300 2422 434 2492 seeptro,
452 2412 528 2490 quod
545 2429 560 2471 a
577 2409 647 2470 love
664 2412 698 2471 ad
717 2410 963 2488 Agamemnonem
981 2427 1074 2489 usque

67 2496 203 2570 deducit,
220 2505 248 2555 et
263 2497 339 2574 apud
355 2505 482 2556 nostrum
499 2497 583 2554 etiam
602 2496 755 2572 tragicum:

14 2573 16 2580 ’
156 2577 230 2640 loce
241 2587 432 2659 propaqatus
445 2587 500 2654 est,
516 2588 548 2639 ut
562 2581 731 2658 perhibent,
751 2577 908 2653 Tantalus,

162 2659 212 2721 Em
229 2661 354 2725 Tantulo
370 2671 454 2725 ortus
469 2662 585 2741 Pelops,
601 2681 639 2724 eu
656 2660 765 2740 Pelope
780 2669 880 2722 autem
895 2669 981 2720 sotus

156 2743 281 2816 Atreus,
298 2749 350 2825 qul
363 2755 498 2808 nostram
510 2765 605 2826 porro
617 2752 773 2824 propequt
786 2763 892 2822 qeaus.

160 2857 199 2914 At
222 2874 296 2936 qntae
322 2875 375 2936 per
397 2858 669 2918 detractionem
691 2856 760 2915 inunt
780 2856 905 2932 figurae,
924 2852 1118 2913 brevitatis58

67 2941 271 3018 novitatisque
296 2943 417 3000 maxime
438 2942 559 3018 gratiam
580 2949 694 3019 petunt;
725 2953 853 3017 quarum
872 2956 927 2997 nna
955 2943 1000 2996 est
1029 2953 1074 3010 ea,
1129 3010 1133 3019 Ι

67 3043 158 3103 quam
176 3022 249 3082 libro
266 3027 397 3100 proximo
414 3025 441 3082 in
456 3025 562 3102 figuras
579 3042 616 3084 ex
631 3024 791 3104 συνεκδοχῇ
806 3022 913 3098 distuli,
931 3039 993 3081 oum
1008 3019 1075 3078 sub·

69 3115 197 3167 tractum
213 3107 330 3167 verbum
345 3108 462 3187 aliquod
478 3111 548 3167 satis
564 3126 602 3167 ex
622 3108 728 3167 ceteris
743 3106 926 3182 intelligitur:
949 3112 979 3162 nt
1002 3100 1074 3161 Cae·

69 3191 129 3250 iius
155 3190 184 3247 in
206 3190 380 3265 Antonium?
402 3190 533 3270 Stupere
555 3193 672 3270 qaudio
696 3190 843 3252 Graeem
888 3189 977 3249 Simul
1001 3187 1075 3244 enim

68 3273 188 3334 auditur
203 3276 309 3354 coepit.
337 3272 442 3334 Gioero
458 3275 493 3334 ad
504 3273 634 3334 Brutum:
650 3273 757 3336 Sermo
767 3273 869 3333 nullas
882 3270 999 3332 scilieet
1013 3268 1074 3328 uisi

70 3361 112 3418 ele
129 3364 179 3428 te,·
195 3359 270 3434 quil
285 3360 363 3420 enim
375 3359 498 3437 potius?
536 3355 609 3418 Tum
625 3356 767 3431 Flauius,
785 3353 881 3431 Cras,
896 3355 1007 3432 lnquit,
1024 3359 1072 3411 to·

14 3479 15 3506 ;
69 3439 213 3516 bellerii,
239 3449 266 3502 et
281 3460 335 3522 eqo
348 3442 461 3502 ibidem
477 3442 535 3502 lias
550 3442 629 3502 iuter
650 3459 773 3502 coenum
790 3439 930 3499 euaraei.
962 3433 1014 3494 Cui
1035 3435 1116 3496 si·,59
