2494 3952
374 216 707 268 ursaonuuomurn.
721 213 796 284 ω.
967 279 970 284 ,
1027 205 1083 267 173

1 395 2 452 ι
82 383 114 436 ιιι
129 376 197 436 cito.
220 372 279 433 Sed
290 382 349 433 tum
358 373 491 446 maxime,
509 388 577 430 cum
584 370 707 431 facultas
723 370 772 430 illa
784 371 950 448 contigerit,
967 373 1084 432 resista·

1 525 2 535 ,
80 477 143 519 mus
161 467 190 518 et
204 455 405 536 provideamus
424 465 453 515 et
468 455 596 514 ferentes
609 470 701 532 equos
712 454 802 513 frenis
821 453 989 532 quibusdam
1001 471 1084 514 coer·
1131 457 1135 460 '
1153 467 1162 478 ·

1 561 2 618 ᾗ
83 559 213 609 ceamus;
237 539 313 618 quod
336 555 393 598 nou
419 547 474 598 tam
496 539 608 597 moram'
625 536 713 598 faciet
735 551 819 615 quatu
844 554 936 596 uovos
961 540 1085 616 impetus

1 623 2 652 ²
82 624 169 686 dabit.
212 623 316 702 Neque
337 624 411 682 enim
429 639 529 680 rursus
560 637 629 694 eos,
653 621 701 702 qui
723 620 813 679 robur
832 619 949 699 aliquod
973 623 1001 679 iu
1017 620 1084 681 stilo

1 711 2 714 ’
80 708 216 782 feceriut,
233 706 268 767 ad
284 706 429 766 infelicem
443 703 632 764 calumniandi
647 721 679 762 se
696 703 991 781 poenamalligaudos
1002 714 1083 781 puto.

1 817 2 822 ¹
82 791 153 852 Nan
169 790 315 870 quomodo
333 789 469 848 sufficere
487 786 591 846 officiis
607 786 739 846 civilibus
761 787 871 866 possit,
894 789 941 866 qui
964 787 1126 864 singulisll
1143 829 1180 846 a..

82 876 225 935 actionum
246 872 375 952 partibus
391 867 580 930 insenescat‘l
619 870 690 928 Sunt
712 877 806 930 autem
832 869 934 948 quibus
957 870 1026 929 nihil
1048 873 1086 930 sit

80 959 167 1024 satis;
187 959 279 1017 omnia
290 965 411 1031 mutare,
424 956 517 1014 omnia
532 952 616 1013 aliter
626 953 726 1013 dicere
741 971 826 1032 quam
842 955 968 1014 occurrit
978 949 1095 1020 uelint:¹

81 1040 223 1100 increduli
238 1039 352 1118 quidam
368 1047 397 1097 et
419 1036 456 1097 de
477 1037 593 1113 ingenio
615 1052 668 1096 suo
683 1039 811 1114 pessime
828 1039 937 1111 meriti,
959 1039 1006 1115 qui
1022 1036 1083 1096 dili·

78 1124 206 1200 ,gentiam
217 1131 316 1201 putant
331 1123 430 1182 facere
446 1119 501 1180 sibi
518 1119 662 1180 scribendi
679 1119 884 1179 difficultatem.
915 1118 1126 1197 Nummum-12

7 1253 13 1263 .
80 1215 159 1284 ptum
176 1213 221 1265 est
236 1205 346 1282 dicere,
362 1214 443 1263 utros
458 1221 584 1282 peccare
602 1202 723 1262 ualidius
740 1212 853 1280 putem,
871 1202 974 1282 quibus
990 1205 1084 1262 omnia

81 1305 133 1350 sua
153 1289 270 1367 placent
295 1306 330 1348 an
346 1287 449 1367 quibus
466 1286 545 1347 nihil.
589 1285 703 1347 Accidit
725 1288 798 1345 enirn
820 1289 904 1346 etiam
925 1287 1083 1362 ingeniosis

79 1371 316 1434 adolescentibus
337 1373 515 1448 frequenter,
532 1377 563 1428 ut
572 1368 674 1429 labore
691 1378 893 1429 consumantur
906 1378 935 1429 et
950 1371 978 1428 iu
995 1369 1082 1429 silen-

80 1457 150 1517 tium
165 1472 258 1534 usque
280 1454 458 1514 descendant
479 1455 563 1513 nimia
584 1452 658 1512 hene
685 1453 798 1513 dicendi
821 1451 986 1529 cupiditate.
1020 1451 1083 1525 Qua

55 1557 59 1564 ·
78 1539 118 1599 de
133 1555 166 1598 re
177 1539 291 1597 memini
306 1554 440 1598 narrasse
452 1537 519 1596 milri
536 1534 637 1596 lulium
649 1536 811 1597 Secundum
829 1535 918 1612 illurn,
933 1536 1083 1614 aequalem

79 1639 175 1682 meum
189 1630 275 1700 atque
291 1639 307 1680 a
321 1639 382 1695 me,
407 1629 438 1680 ιιι
452 1629 549 1680 notum
565 1628 625 1694 est,
648 1618 825 1680 familiariter
841 1629 977 1694 amatum,
994 1621 1082 1679 mirae

80 1701 232 1764 facundiae
247 1707 355 1780 virum,
378 1703 505 1764 infinitae
521 1711 615 1761 tamen
634 1719 732 1778 curae,
749 1703 817 1780 quid
832 1712 911 1762 esset
929 1703 983 1761 sibi
1001 1721 1016 1763 a
1033 1720 1082 1780 pa·

79 1799 145 1848 truo
161 1804 215 1848 suo
227 1787 340 1848 dictum.
367 1787 395 1846 ls
408 1786 460 1846 fuit
472 1786 560 1845 lulius
572 1784 686 1860 Florus,
699 1787 727 1844 in
740 1785 905 1864 eloquentia
918 1785 1082 1860 Galliarum,
1092 1797 1125 1850 13

79 1873 213 1950 quoniam
229 1871 268 1930 ibi
283 1871 394 1930 demum
407 1871 538 1930 exercuit
553 1885 626 1942 eam,
640 1869 788 1946 princeps,
802 1867 910 1947 alioqui
925 1869 998 1927 iuter
1015 1886 1082 1946 pau·

77 1971 133 2014 cos
151 1952 275 2014 disertus
292 1963 321 2013 et
344 1953 446 2030 diguus
464 1953 513 2012 illa
528 1953 752 2030 propinquitate.
785 1950 813 2010 ls
830 1970 893 2011 cum
909 1951 1081 2026 Secundum,

78 2037 202 2097 scholae
218 2037 312 2096 adhuc
332 2045 491 2116 operatum,
510 2037 620 2095 tristem
637 2034 713 2095 forte
730 2035 866 2094 uidisset:
882 2037 1082 2113 interrogavit,

78 2137 155 2199 quae
168 2136 254 2180 causa
266 2120 368 2180 frontis
380 2128 437 2180 tam
448 2115 608 2179 adductae?
629 2116 693 2178 Nec
702 2118 889 2178 dissimulavit
898 2118 1081 2194 adolescens,
1093 2130 1125 2185 tt

77 2206 194 2263 tertium
210 2205 264 2264 iaru
279 2203 354 2263 diem
370 2220 453 2278 csse,
477 2200 554 2280 quod
579 2203 654 2261 omni
676 2200 779 2262 labore
803 2203 939 2262 materiae
961 2204 997 2262 ad
1012 2202 1083 2260 scri·

76 2287 203 2346 bendun'r
215 2284 375 2346 destinatae
388 2301 445 2345 non
458 2286 598 2345 inveniret
610 2284 773 2353 exordium:
791 2301 848 2362 quo
864 2285 917 2345 sibi
930 2301 987 2344 nou
999 2301 1082 2362 prae·

76 2387 148 2429 sens
166 2377 272 2429 tautum
288 2369 390 2445 dolor,
409 2369 461 2429 sed
484 2371 568 2428 etiam
590 2367 758 2446 desperatio
776 2370 804 2426 iu
825 2377 973 2446 posterum
988 2367 1081 2428 fueret.

76 2451 151 2514 Turn
166 2450 271 2516 Florus
289 2451 429 2528 arridens,
446 2450 601 2529 Numquid
619 2461 667 2529 tu,
682 2452 782 2530 iuquit,
797 2453 902 2514 melius
917 2452 1083 2514 dioececis

76 2551 172 2616 quum
188 2538 296 2614 potes?
326 2534 368 2596 lta
380 2553 413 2596 se
425 2553 473 2595 res
488 2535 584 2596 habet.
618 2532 779 2595 Curandum
795 2545 857 2612 est,
867 2545 896 2594 ut
910 2553 993 2614 quam
1010 2536 1125 2613 opti-15

75 2637 125 2680 me
140 2620 283 2688 dicamus;
306 2619 457 2680 dicendum
480 2627 574 2679 tamen
595 2629 649 2697 pro
670 2617 817 2682 facultate.
856 2618 901 2679 dd
919 2618 1083 2697 profectum

75 2702 155 2762 euim
170 2707 244 2781 opus
266 2712 311 2787 est
326 2703 419 2764 studio
441 2718 498 2762 nou
520 2701 725 2779 indignatione.
764 2701 802 2763 Ut
822 2703 966 2781 possimus
989 2709 1083 2760 autern

75 2784 211 2846 scrihere
226 2786 310 2844 etiam
324 2785 407 2864 plura
425 2786 568 2861 celerius,
590 2801 647 2844 uon
663 2787 834 2848 exercitatio
850 2785 935 2845 modo
953 2792 1083 2863 praesta·

75 2868 138 2944 bit,
162 2869 191 2928 in
216 2885 271 2947 qua
292 2870 354 2928 siue
371 2869 458 2929 dubio
474 2869 592 2929 multum
608 2877 668 2944 est,
691 2869 743 2928 sed
765 2871 849 2929 etiam
870 2871 959 2938 ratio;
982 2870 1006 2928 si
1026 2884 1083 2927 nou

75 2952 208 3028 resupini
222 2961 447 3031 spectantesque
464 2961 573 3013 tectum
595 2961 624 3012 et
645 2953 850 3029 cogitationem
866 2970 1006 3012 murmure
1022 2953 1082 3028 agi·

75 3044 174 3096 tautes
197 3037 464 3114 expectaverimus,
482 3034 550 3115 quid
566 3035 714 3103 obveniat;
735 3031 790 3096 'sed
812 3035 880 3115 quid
902 3053 951 3095 res
968 3043 1082 3114 poscat,

1 3163 2 3168 η
59 3119 149 3197 'quid
163 3122 317 3197 personam
339 3118 457 3194 deceat,
483 3120 560 3196 quod
576 3121 613 3186 sit
629 3129 760 3198 tempus,
782 3121 830 3198 qui
845 3113 946 3181 iudicis'
963 3120 1082 3188 animus,

75 3202 173 3262 intuiti
197 3200 319 3262 humano
341 3202 465 3280 quodam
484 3202 570 3263 modo
592 3203 627 3263 ad
656 3202 837 3263 scribendum
859 3203 1081 3264 accesserimus.

75 3287 131 3347 Sic
150 3283 234 3344 uoltis
253 3294 282 3344 et
298 3286 376 3346 initia
391 3294 419 3345 ct
436 3303 510 3364 quae
528 3295 686 3364 sequuntur
701 3295 800 3346 natura
819 3287 881 3364 ipsa
898 3284 1081 3365 praescrihit.

76 3365 171 3428 (lenta
195 3377 260 3426 suut
281 3369 356 3428 euiru
377 3367 519 3448 pleraque
543 3377 586 3444 et,
611 3370 665 3429 nisi
683 3363 906 3444 ‘conniveamum
930 3370 959 3428 iu
980 3368 1083 3429 oculos
1090 3381 1125 3438 16

76 3452 245 3519 incurrunt;
262 3451 388 3530 ideoque
403 3470 457 3512 nec
468 3451 575 3512 indocti
590 3470 645 3512 nec
655 3455 760 3514 'rustici
776 3454 823 3512 diu
839 3460 989 3530 quaerunt,
1007 3451 1084 3514 unde
