2444 3972
298 181 782 230 russosuronrnoosmmm.
1021 173 1040 232 5

57 335 146 404 luisset
169 337 322 416 aliquando
348 337 515 415 perfectus,
543 353 601 395 non
627 353 643 394 a
665 333 906 414 philosophorum
931 335 1042 396 scholis

56 421 154 482 virtutis
174 430 332 500 praecepta
347 428 525 499 peterentur.
561 418 644 480 Nune
663 437 788 480 necesse
804 428 850 479 est
866 418 902 480 ad
922 435 974 479 eos
990 419 1042 479 ali·

57 505 155 582 quando
175 515 311 566 auctores
330 521 503 581 recurrere,
528 505 577 582 qui
599 503 759 580 desertam,
781 513 812 564 ut
833 503 907 580 dixi,
931 512 1043 582 partem

57 591 185 650 oratoriae
201 591 282 666 artis,
298 590 449 650 meliorem
464 589 652 668 praesertim,
668 596 900 667 occupaverunt,
917 596 946 646 et
962 586 1044 647 velut

57 681 168 734 nostrum
182 690 357 753 reposcere;
380 691 438 734 non
452 682 484 733 ut
500 689 554 733 nos
570 672 686 733 illorum
700 681 811 732 utamur
825 673 966 747 inventis,
989 671 1043 732 sed

57 765 81 815 nt
98 757 160 818 illos
181 759 284 819 alienis
308 775 378 818 usos
402 775 470 824 esse
493 757 664 818 doceamus.¹
702 756 745 817 Sit
767 756 855 836 igitur
877 763 977 816 orator
997 757 1042 815 vir
1050 766 1085 821 18

57 841 120 918 talis,
135 843 224 921 qualis
237 861 310 902 vere
325 844 442 921 sapiens
457 840 602 920 appellari
617 841 725 918 possit;
742 859 798 902 nec
812 838 940 899 moribus
955 841 1042 901 modo

57 925 188 1002 perlectus
218 927 299 1006 (nam
326 927 354 987 id
377 944 441 986 mea
464 924 580 1004 quidem
605 925 759 1003 opinione,
790 919 952 1004 quanquam
977 933 1043 984 sunt

58 1010 96 1086 qui
118 1009 301 1086 dissentiant,
328 1012 400 1070 satis
421 1027 480 1070 non
501 1010 562 1090 est)
589 1009 643 1068 sed
665 1010 751 1070 etiam
771 1010 891 1069 scientia
915 1015 945 1066 et
965 1010 1041 1070 omni

57 1091 175 1154 facultate
196 1095 320 1156 dicendi.
359 1094 460 1169 Qualis
484 1094 612 1153 fortasse
634 1109 718 1153 nemo
741 1093 834 1155 adhuc
856 1094 961 1168 luerit,
988 1095 1041 1154 sed
1051 1102 1084 1158 19

57 1191 102 1236 uon
122 1178 183 1240 ideo
204 1182 298 1240 minus
313 1177 397 1238 nobis
419 1179 455 1240 ad
469 1195 578 1238 summa
591 1177 765 1238 tendendum
782 1187 842 1246 est;
866 1177 945 1256 quod
960 1177 1041 1238 fece·

58 1269 110 1320 mut
123 1262 254 1342 plerique
272 1271 420 1339 veterum,
443 1263 507 1341 qui,
529 1262 584 1322 etsi
599 1262 724 1322 nondum
740 1279 912 1340 quemquam
927 1263 1041 1339 sapien-

57 1351 103 1403 tem
120 1357 265 1427 repertum
284 1347 437 1425 putabant,
465 1355 625 1425 praecepta
648 1355 744 1406 tamen
768 1347 928 1425 sapientiae
956 1345 1041 1406 tradi-

58 1427 150 1490 derunt.
177 1429 251 1491 Nam
267 1439 312 1490 est
327 1440 408 1492 certe
423 1430 531 1509 aliquid
546 1438 741 1490 consummata
754 1431 931 1509 eloquentia,
945 1441 1085 1510 nequeao
1098 1457 1129 1485 ..a

58 1511 86 1570 ad
99 1531 154 1574 eam
172 1516 330 1594 pervenire
348 1525 448 1575 natura
468 1514 581 1575 humani
599 1515 707 1594 ingenii
729 1514 874 1594 prohibet.
911 1514 996 1589 Quod
1017 1516 1042 1573 si

60 1611 104 1655 nou
123 1602 283 1678 contingat,
308 1599 392 1660 altius
414 1608 509 1658 tamen
531 1598 626 1674 ibunt,
647 1601 695 1677 qui
718 1598 754 1658 ad
777 1617 885 1659 summa
904 1599 1041 1674 nitentur,

62 1695 126 1756 quum
149 1685 210 1761 qui,
243 1691 430 1762 praesumpta
456 1683 662 1760 desperatione
687 1700 745 1761 quo
769 1683 860 1744 velint
887 1681 1040 1759 evadendi,

62 1766 166 1838 quatinus
182 1769 264 1827 circa
284 1769 341 1828 ima
362 1764 550 1826 substiterint.

125 1849 185 1922 Quo
203 1853 298 1928 magis
317 1851 495 1929 impetranda
510 1852 565 1909 erit
581 1850 682 1925 venia,
705 1850 730 1909 si
745 1869 781 1909 ne
802 1851 911 1910 minora
927 1848 1041 1928 quidem
1049 1861 1082 1914 21

61 1927 111 2007 illa,
127 1951 224 1994 uerum
246 1935 347 2013 operi,
371 1934 448 2014 quod
463 1933 651 2008 instituimus,
673 1935 839 1994 necessaria
861 1932 1038 2012 praeteribo.

60 2010 115 2074 dan
126 2015 196 2077 liber
211 2019 323 2098 primus
340 2036 392 2094 ea,
411 2035 486 2096 quae
501 2025 567 2078 sunt
581 2025 647 2078 ante
663 2016 789 2077 cilicium
805 2017 947 2094 rhetoris,
971 2035 1039 2079 con-

61 2097 149 2159 tinebit.
176 2102 314 2164 Secundo
336 2104 427 2180 prima
443 2102 518 2180 apud
535 2100 682 2162 rhetorem
703 2101 846 2162 elementa
868 2111 897 2162 et
913 2120 987 2182 quae
1003 2103 1039 2162 de

1150 19 1168 97 l

1167 100 1178 146 l

1178 150 1186 173 ι

61 2180 109 2257 ipsa
124 2183 284 2247 rhetorices
300 2185 460 2246 substantia
476 2194 652 2264 quaeruntur
673 2186 868 2246 tractabimus.
904 2185 1105 2263 Quanquam„
1167 2217 1174 2222 *-

62 2261 176 2346 deinceps
191 2271 362 2346 inventioni,
377 2261 442 2330 nam
454 2270 522 2331 huic
537 2279 566 2329 et
581 2269 734 2349 dispositio
751 2267 942 2348 subiungitur,
959 2276 1056 2346 qua&
1078 2263 1085 2276 ⁵

62 2352 112 2408 tuor
133 2351 304 2430 elocutioni,
331 2355 359 2414 in
382 2355 463 2414 unius
485 2362 597 2433 partem
621 2355 759 2414 memoria
785 2371 820 2412 ac
844 2355 1038 2432 pronuntiatio

63 2434 170 2512 uadunt,
192 2437 345 2498 dabuntur.
375 2437 456 2498 Unus
472 2438 612 2512 accedet,
632 2439 661 2496 in
683 2453 739 2516 quo
755 2437 838 2496 nobis
860 2447 959 2499 orator
974 2439 1038 2517 ipse

63 2511 229 2582 informandus
252 2530 316 2598 est,
339 2531 387 2598 ut,
410 2523 459 2600 qni
475 2539 572 2582 mores
594 2522 672 2598 eius,
694 2539 768 2600 qnae
789 2523 817 2581 in
833 2521 1037 2600 suscipiendis,

62 2595 200 2679 discendis,
228 2607 350 2683 agendis
378 2606 473 2666 causis
500 2608 592 2683 ratio,
622 2606 699 2684 quod
722 2605 907 2683 eloquentiae
932 2623 1036 2684 genus,

63 2681 111 2758 quis
124 2689 220 2764 agendi
235 2688 342 2753 debeat
357 2707 425 2750 esse
440 2689 520 2766 linis,
543 2707 617 2768 quae
634 2699 702 2769 post
718 2689 803 2750 hnem
819 2691 927 2766 studia,
949 2706 1038 2768 quan-

62 2770 106 2826 tun
124 2782 214 2833 nostra
230 2773 341 2834 valebit
359 2773 522 2850 infirmitas,
536 2775 731 2835 'disseramus
768 2773 819 2833 His
837 2771 967 2834 omnibus
989 2773 1080 2841 ad-p3

63 2850 219 2926 miscebitur,
238 2867 269 2917 ut
284 2860 407 2937 quisque
421 2857 504 2918 locus
523 2857 695 2936 postulabit,
713 2858 836 2918 docendi
851 2859 942 2934 ratio,
960 2875 1035 2936 quae

63 2946 106 2992 uon
118 2955 210 3001 eorum
229 2943 317 3003 modo
333 2942 470 3018 scientia,
494 2941 597 3020 quibus
617 2942 689 3002 solis
705 2943 818 3020 quidam
839 2960 945 3003 nomen
965 2943 1035 3002 artis

63 3012 195 3099 dederunt,
223 3027 371 3088 studiosos
392 3027 514 3086 instruat
535 3034 564 3085 et
587 3026 633 3105 (nt
654 3027 698 3086 sio
719 3027 855 3107 dixerim)
876 3028 920 3086 ius
941 3027 1035 3104 ipsum

63 3094 200 3166 rhetorices
212 3111 438 3189 interpretetur,
461 3109 513 3170 sed
533 3110 614 3171 alere
631 3110 808 3188 facundiam,
831 3112 910 3171 vires
926 3127 1035 3187 augere

64 3179 80 3238 tl
120 3193 225 3252 uentiae
244 3197 347 3272 possit.
381 3193 453 3254 Nam
474 3194 645 3273 plerumque
659 3194 752 3254 nudae
767 3194 836 3257 illae
857 3203 935 3255 artes
953 3195 1037 3252 nimia
1045 3205 1080 3258 24

64 3279 80 3359 tt
120 3269 204 3334 litatis
220 3277 402 3340 affectatione
417 3279 552 3356 frangunt
567 3286 653 3357 atque
670 3279 824 3339 concidunt
838 3278 975 3358 quidquid
992 3285 1038 3336 est

64 3363 80 3402 u
120 3359 219 3418 ratione
240 3365 431 3440 generosius,
455 3371 484 3422 et
505 3378 616 3422 omnem
639 3381 739 3424 sucum
759 3364 867 3442 ingenii
886 3362 986 3422 bibunt
1008 3370 1037 3420 et

66 3443 79 3484 ⁰
131 3438 276 3522 detegunt,
299 3465 373 3525 qnae
392 3455 423 3506 ut
445 3461 512 3506 esse
534 3455 563 3506 et
583 3447 702 3525 astringi
718 3450 815 3508 nervis
837 3447 897 3507 suis
918 3444 1036 3523 debent,
